=LDR  01053aam a2200241   4500
=001  10990
=005  20250920143244.0
=008  250920s1983\\\\||||||||\||||\00|\0\ger\d
=041  \\$ager
=100  \\$aSchugk, H.J.$4aut$913958
=245  \\$aPraxis barocker Stimmungen und ihre theoretischen Grundlagen
=250  \\$a4th ed.
=260  \\$as.l.$bDrescher$c1983
=300  \\$a172 pages
=561  \\$aAllegedly annotated by Alfred Dürr (according to Emil Katzbichler)
=648  \0$a17th Century (1601-1700)$1http://www.wikidata.org/entity/Q7016$920923
=648  \0$a18th Century (1701-1800)$1http://www.wikidata.org/entity/Q7015$920899
=650  \0$aTuning$1http://www.wikidata.org/entity/Q858576$921655
=650  \0$aTemperament$1http://www.wikidata.org/entity/Q55073971$921656
=650  \0$aMusic theory$1http://www.wikidata.org/entity/Q193544$92662
=942  \\$cBOO
=952  \\$00$10$2ddc$40$6MTP_2_000000000000000_SCHU$70$8MTP$910977$aORPH$bORPH$cKM12_1$d2020-07-08$eKoopman$i46E02$l0$oMTP2 SCHU$p20126971$r2021-01-12 00:00:00$w2021-01-12$yBOO
=999  \\$d10990

