=LDR  00873    a2200193   4500
=001  10991
=005  20250925143259.0
=008  210412s2010\\\\\\\|||||\||||\00|\0\dut\d
=041  \\$adut
=100  \\$aSchuhmacher, W.$4aut$913959
=245  \\$aWillem Elsschot in boek en band:$been eerste inventarisatie van bandvarianten
=260  \\$aAmsterdam$bSchuhmacher$c2010
=600  \0$aElsschot, Willem$d1882-1960$1http://www.wikidata.org/entity/Q554105$910733
=648  \0$a20th Century (1901-2000)$1http://www.wikidata.org/entity/Q6927$920936
=650  \0$aBibliography$1http://www.wikidata.org/entity/Q134995$93965
=650  \0$aBibliophilia$1http://www.wikidata.org/entity/Q214719$921630
=942  \\$cBOO
=952  \\$00$10$2ddc$40$6BIO_ELSS_C$70$8BIO$910978$aORPH$bORPH$cKTS1_P$d2020-07-08$eKoopman$i25D23$l0$oBIO ELSS c$p20129334$r2021-01-12 00:00:00$w2021-01-12$yBOO
=999  \\$c10991$d10991

