=LDR  01588cam a2200289 a 4500
=001  10993
=005  20250121142127.0
=008  100609s2010\\\\nyug\\\\\b\\\\001\0deng\\
=020  \\$a9781580463591
=040  \\$aOI
=041  \\$aeng
=100  1\$aSchulenberg, David$d1955-$1http://www.wikidata.org/entity/Q80836928$4aut$913961
=245  14$aThe Music of Wilhelm Friedemann Bach
=260  \\$aRochester, NY$bUniversity of Rochester Press$c2010
=300  \\$axii-341 pages$bmusic$c24 cm
=490  1\$aEastman Studies in Music$x1071-9989$v[79
=504  \\$aIncludes bibliographical references and index.
=505  0\$gThe enigmatic Bach -- Sebastian's son, Emanuel's brother -- Crossing hands and confounding expectations : keyboard works -- Sonatas, sinfonias, and concertos : works for instrumental ensemble -- The vocal works -- Appendixes: Notes on performance ; List of works ; Abbreviations ; Notes ; Bibliography ; Index
=600  \0$aBach, Wilhelm Friedemann$d1710-1784$1http://www.wikidata.org/entity/Q107277$99331
=648  \0$a18th Century (1701-1800)$1http://www.wikidata.org/entity/Q7015$920899
=650  \0$aComposer$1http://www.wikidata.org/entity/Q36834$93625
=650  \0$aMusic history$1http://www.wikidata.org/entity/Q846047$921373
=650  \0$aMusical analysis$1http://www.wikidata.org/entity/Q1544924$92775
=651  \0$aGermany$1http://www.wikidata.org/entity/Q183$9155
=942  \\$cBOO
=952  \\$00$10$2ddc$40$6BIO_BACH12_C$70$8BIO$910980$aORPH$bORPH$cKTS1_P$d2020-07-08$eKoopman$i43A16$oBIO BACH12 c$p20127265$r2021-01-12 00:00:00$w2021-01-12$yBOO
=999  \\$d10993

