=LDR  01754aam a2200277   4500
=001  10994
=005  20251028113521.0
=008  251028r19841979|||aobj|\b|||\001\0dger\d
=020  \\$a3423102322
=041  \\$ager
=100  \\$aSchüller-Piroli, Susanne$d1907-1995$1http://www.wikidata.org/entity/Q63248106$913963$4aut
=245  \\$aDie Borgia-Päpste Kalixt III. und Alexander VI.
=260  \\$c1984$aMunich$bDTV
=300  \\$a427 pages
=500  \\$aThe House of Borgia was a noble family of Spanish origins, which rose to prominence during the Italian Renaissance. They were from Xàtiva, Kingdom of Valencia, the surname being a toponymic from the town of Borja, then in the Crown of Aragon, in Spain. The Borgias became prominent in ecclesiastical and political affairs in the 15th and 16th centuries, producing two popes: Alfons de Borja, who ruled as Pope Callixtus III during 1455–1458, and his nephew Rodrigo Lanzol Borgia, as Pope Alexander VI, during 1492–1503. 
=590  \\$aMit 27 Abbildungen
=600  \0$aCallixtus III$d1379-1458$1http://www.wikidata.org/entity/Q160369$941675
=600  \0$aAlexander VI$d1431-1503$1http://www.wikidata.org/entity/Q108316$941676
=610  \0$aHouse of Borgia$1http://www.wikidata.org/entity/Q237599$941678
=650  \0$aHistory$1http://www.wikidata.org/entity/Q309$921403
=650  \0$aCatholicism$1http://www.wikidata.org/entity/Q1841$921631
=651  \0$aItaly$1http://www.wikidata.org/entity/Q38$922
=651  \0$aVatican City (Rome, Italy)$1http://www.wikidata.org/entity/Q237$941677
=942  \\$cBOO
=952  \\$00$10$2ddc$40$6TOP_IT_4_000000000000000$70$8TOP$910981$aORPH$bORPH$cKTS0$d2020-07-08$eKoopman$i40D32$l0$oTOP IT 4$p20122285$r2021-01-12 00:00:00$w2021-01-12$yBOO$OKoopman
=999  \\$d10994

