=LDR  01324nas a2200289 c 4500
=001  10995
=003  DE-604
=005  20250926134856.0
=007  OI
=008  980525uuuuuuuuu\\\||\m|\||||\0\\\||ger\d
=040  \\$aOI
=041  0\$ager
=245  10$aJahrbuch der Bachwoche Dillenburg:$bRoemhildt, Bach, Mozart. Beiträge zur Musikforschung. Roemhildt: Werkverzeichnis
=260  \\$aMunich$bKatzbichler$c1998
=336  \\$aText$btxt$2rdacontent
=337  \\$aohne Hilfsmittel zu benutzen$bn$2rdamedia
=338  \\$aBand$bnc$2rdacarrier
=500  \\$aAb 1999 u.d.T.: Bachwoche Dill e.V.: Jahrbuch der Bachwochen Dill
=600  \0$aRoemhildt, Johann Theodor$d1684-1756$1http://www.wikidata.org/entity/Q91291$927369
=600  \0$aBach, Johann Sebastian$d1685-1750$1http://www.wikidata.org/entity/Q1339$94766
=600  \0$aMozart, Wolfgang Amadeus$d1756-1791$1http://www.wikidata.org/entity/Q254$95341
=648  \0$a20th Century (1901-2000)$1http://www.wikidata.org/entity/Q6927$920936
=650  \0$aFestival book$1http://www.wikidata.org/entity/Q17590416$922319
=651  \0$aGermany$1http://www.wikidata.org/entity/Q183$9155
=942  \\$cBOO
=952  \\$00$10$2ddc$40$6BIO_ROEM_E$70$8BIO$910982$aORPH$bORPH$cKTS1_P$d2020-07-08$eKoopman$i33G23$oBIO ROEM e$p20122686$r2021-01-12 00:00:00$w2021-01-12$yBOO$OKoopman
=999  \\$d10995

