=LDR  00375    a2200109   4500
=001  10998
=100  \\$aSchultz, I.$913967
=245  \\$aStudien zur Musikanschauung und M
=260  \\$c1967
=942  \\$cBOO
=952  \\$00$10$2ddc$40$6BIO_ALST_E$70$8BIO$910985$aORPH$bORPH$cKTS1_P$d2020-07-08$eKoopman$i43G12$l0$oBIO ALST e$p20126797$r2021-01-12 00:00:00$w2021-01-12$yBOO$OKoopman
=999  \\$c10998$d10998

