=LDR  00964aam a2200205   4500
=001  10999
=008  220323|\\\\\\\\|||a||||\||||\00|\0\ger\d
=041  \\$ager
=100  \\$aSchulz, Günther$923833$4aut
=245  \\$aDie Klapmeyer-Orgel in der St-Nicolai-Kirche zu Altenbruch.$bInformationen rund um die Orgel
=260  \\$cs.d.$aAltenbruch
=300  \\$a32 pages
=610  \0$aSt. Nicolai (Altenbruch, Germany)$1http://www.wikidata.org/entity/Q2316583$927410
=650  \0$aOrgan$1http://www.wikidata.org/entity/Q1444$92810
=650  \0$aOrganology$1http://www.wikidata.org/entity/Q899293$921400
=650  \0$aChurch$1http://www.wikidata.org/entity/Q16970$93776
=651  \0$aAltenbruch (Cuxhaven, Germany)$1http://www.wikidata.org/entity/Q436799$927411
=942  \\$cBOO
=952  \\$00$10$2ddc$40$6INS_3_000000000000000_1A_DE_BER$70$8INS$910986$aORPH$bORPH$cKTS0$d2020-07-08$eKoopman$i24F17$oINS 3.1a DE.BER$p20125877$r2021-01-12 00:00:00$w2021-01-12$yTYPE_UNK
=999  \\$d10999

