=LDR  01428aam a2200265   4500
=001  11000
=008  230329s1960\\\\||||||||\||||\00|\idger\d
=041  \\$ager
=245  \\$aBriefwechsel zwischen Johann Abraham Peter Schulz und Johann Heinrich Voss
=260  \\$aKassel$bBärenreiter$c1960
=300  \\$a296 pages
=490  \\$aSchriften des Landesinstituts für Musikforschung Kiel$v9
=600  \0$aSchulz, Johann Abraham Peter$d1747-1800$1http://www.wikidata.org/entity/Q706221$921317
=600  \0$aVoß, Johann Heinrich$d1751-1826$1http://www.wikidata.org/entity/Q62188$98990
=648  \0$a18th Century (1701-1800)$1http://www.wikidata.org/entity/Q7015$920899
=650  \0$aCorrespondence$1http://www.wikidata.org/entity/Q1784733$921392
=650  \0$aMusic history$1http://www.wikidata.org/entity/Q846047$921373
=651  \0$aGermany$1http://www.wikidata.org/entity/Q183$9155
=700  \\$4crp$aSchulz, Johann Abraham Peter$d1747-1800$1http://www.wikidata.org/entity/Q706221$921317
=700  \\$4crp$aVoß, Johann Heinrich$d1751-1826$1http://www.wikidata.org/entity/Q62188$98990
=700  1\$4edt$925943$aGottwaldt, Heinz$d1943-
=700  1\$4edt$aHahne, Gerhard$d1927-2006$1http://www.wikidata.org/entity/Q99030923$911362
=942  \\$cBOO
=952  \\$00$10$2ddc$40$6BIO_SCHU7_A$70$8BIO$910987$aORPH$bORPH$cKTS1_P$d2020-07-08$eKoopman$i23G29$oBIO SCHU7 a$p20125752$r2021-01-12 00:00:00$w2021-01-12$yBOO$OKoopman
=999  \\$d11000

