=LDR  01295nam a2200289 a 4500
=001  11001
=005  20250925143259.0
=008  900725r19901925gw\a\\\\\\\\\\000\0\ger\\
=020  \\$a3487091399
=040  \\$aOI
=041  \\$ager
=100  \\$aSchulze, Friedrich$d1881-1960$4aut$1http://www.wikidata.org/entity/Q61941653$913970
=245  14$aDer deutsche Buchhandel und die geistigen Strömungen der letzten hundert Jahre
=260  \\$aHildesheim$bOlms$c1990
=300  \\$a294 pages$bill. (1 col.)$c24 cm
=500  \\$aReprint. 
=500  \\$aIncludes index.
=534  \\$aOriginally published: Leipzig, Börsenverein der Deutschen Buchhändler, 1925.
=648  \0$a19th Century (1801-1900)$1http://www.wikidata.org/entity/Q6955$920935
=648  \0$a20th Century (1901-2000)$1http://www.wikidata.org/entity/Q6927$920936
=650  \0$aBook$1http://www.wikidata.org/entity/Q571$92285
=650  \0$aPublishing$1http://www.wikidata.org/entity/Q3972943$93049
=650  \0$aTranslation$1http://www.wikidata.org/entity/Q7553$92492
=651  \0$aGermany$1http://www.wikidata.org/entity/Q183$9155
=942  \\$cBOO
=952  \\$00$10$2ddc$40$6BIB_4_000000000000000_DE_6$70$8BIB$910988$aORPH$bORPH$cKTS0$d2020-07-08$eKoopman$i42F14$oBIB4 DE 6$p20122000$r2021-01-12 00:00:00$w2021-01-12$yBOO
=999  \\$d11001

