=LDR  01945aam a2200289   4500
=001  11002
=005  20251003085458.0
=008  250203s1977\\\\||||||||\c|||\00|\0\ger\d
=041  \\$ager
=100  \\$aSchulze, H.$913971$4aut
=245  \\$aKatalog der Sammlung Manfred Gorke.$bBachiana und andere Handschriften und Drucke des 18. und frühen 19. Jahrhunderts
=260  \\$c1977$aLeipzig
=300  \\$a168-[vi] pages
=490  \\$aBibliographische Veröffentlichungen der Musikbibliothek der Stadt Leipzig$v8
=500  \\$aThe music collection from the family estate of the Eisenach bank employee Manfred Gorke (1897–1956) comprises 700 objects relating to the history of music in Saxony and Thuringia from the 17th to 19th century and contains several original manuscripts by Johann Sebastian Bach. The collection came to the public in 1929, was purchased by the City of Leipzig in 1935 and has been kept in the Leipzig Bach Archive since 1952.
=561  \\$awith a message from the author (Leipzig, 1.8.1978) inside cover
=600  \0$aBach, Johann Sebastian$d1685-1750$1http://www.wikidata.org/entity/Q1339$94766
=610  \0$aBach-Archiv Leipzig (Germany)$1http://www.wikidata.org/entity/Q798038$91212
=648  \0$a18th Century (1701-1800)$1http://www.wikidata.org/entity/Q7015$920899
=648  \0$a19th Century (1801-1900)$1http://www.wikidata.org/entity/Q6955$920935
=650  \0$aLibrary$1http://www.wikidata.org/entity/Q7075$94229
=650  \0$aCatalogue$1http://www.wikidata.org/entity/Q2352616$1http://www.wikidata.org/entity/Q6941730$921484
=651  \0$aLeipzig (Germany)$1http://www.wikidata.org/entity/Q2079$945
=700  \\$aGorke, Manfred$d1897-1956$1http://www.wikidata.org/entity/Q72937161$4col$939628
=942  \\$cBOO
=952  \\$00$10$2ddc$40$6BIB_4_000000000000000_DE_LEI$70$8BIB$910989$aORPH$bORPH$cKTS0$d2020-07-08$eKoopman$i38A03$l0$oBIB4 DE.LEI$p20122447$r2021-01-12 00:00:00$w2021-01-12$yBOO$OKoopman
=999  \\$d11002

