=LDR  02151aam a2200289   4500
=001  11003
=005  20250926134856.0
=008  230217s1995\\\\||||||||\||||\00|\0\ger\d
=020  \\$a09417036
=041  \\$ager
=100  \\$aSchulze, Hans-Joachim$d1934-$4aut$1http://www.wikidata.org/entity/Q92055$911725
=245  \\$aBach-Archiv Leipzig - Das Quittungsbuch des Nathanischen Legats
=260  \\$aLeipzig$bKulturstiftung der Länder$bBach-Archiv Leipzig$c1995
=500  \\$aThe Nathan Legacy: Payment Receipts in the Hand of Johann Sebastian Bach, 1726 & 1727.Among Johann Sebastian Bach's duties as Thomas Cantor in Leipzig was the obligation to lead his choirboys in annual renditions of motets or chorales offered in memory of benefactors of the school. In 1605 the carpenter’s widow Sabine Nathan donated 100 guilders. Her last will and testament provided that each year on St Sabine's Day (27 October) funeral motets were to be performed before and after the weekly sermon in the appropriate church: either St. Thomas or St. Nikolai.The surviving receipt book shows that the cantors and choirboys of St Thomas’s received five florins a year from the interest until 1820 — for more than 200 years. 
=600  \0$aNathan, Moritz$925752
=600  \0$aBach, Johann Sebastian$d1685-1750$1http://www.wikidata.org/entity/Q1339$94766
=610  20$aThomanerchor Leipzig (Germany)$1http://www.wikidata.org/entity/Q699313$926243
=648  \0$a17th Century (1601-1700)$1http://www.wikidata.org/entity/Q7016$920923
=648  \0$a18th Century (1701-1800)$1http://www.wikidata.org/entity/Q7015$920899
=650  \0$aHistory$1http://www.wikidata.org/entity/Q309$921403
=650  \0$aEconomy$1http://www.wikidata.org/entity/Q159810$921625
=650  \0$aMusic history$1http://www.wikidata.org/entity/Q846047$921373
=651  \0$aLeipzig (Germany)$1http://www.wikidata.org/entity/Q2079$945
=700  \\$4edt$925751$aSteinwachs, Barbara
=942  \\$cBOO
=952  \\$00$10$2ddc$40$6TOP_DE_LEI_5_000000000000000$70$8TOP$910990$aORPH$bORPH$cKTS0$d2020-07-08$eKoopman$i19E05$l0$oTOP DE.LEI 5$p20127811$r2021-01-12 00:00:00$w2021-01-12$yBOO$OKoopman
=999  \\$d11003

