=LDR  00932cam a2200205 a 4500
=001  11004
=005  20250926134856.0
=008  870831t19871985ge\afh\\\b\\\\000\0\ger\\
=020  \\$a3730400568
=040  \\$aOI
=100  \\$aSchulze, Hans-Joachim$d1934-$1http://www.wikidata.org/entity/Q92055$911725
=245  10$aEy! wie schmeckt der Coffee süsse :$bJohann Sebastian Bachs Kaffee-Kantate in ihrer Zeit /$cHans-Joachim Schulze ; [Illustrationen, Frank Wahle].
=250  \\$a2. Aufl.
=260  \\$aLeipzig :$bVerlag für die Frau,$c1987, c1985.
=300  \\$a71 p., [14] p. of plates :$bill., facsims. ;$c16 cm.
=504  \\$aBibliography: p. 69.
=600  \0$aBach, Johann Sebastian$d1685-1750$1http://www.wikidata.org/entity/Q1339$94766
=942  \\$cBOO
=952  \\$00$10$40$6BIO_BACH1_E$70$8BIO$910991$aORPH$bORPH$cKTS1_P$d2020-07-08$eKoopman$i20D9$oBIO BACH1 e$p20125327$r2021-01-12 00:00:00$w2021-01-12$yBOO$OKoopman
=999  \\$c11004$d11004

