=LDR  00436    a2200121   4500
=001  11006
=020  \\$a3423029463
=100  \\$aSchulze, Hans-Joachim$d1934-$1http://www.wikidata.org/entity/Q92055$911725
=245  \\$aJohann Sebastian Bach
=260  \\$c1985
=942  \\$cBOO
=952  \\$00$10$2ddc$40$6BIO_BACH1_D$70$8BIO$910993$aORPH$bORPH$cKTS1_P$d2020-07-08$eKoopman$i22D35$oBIO BACH1 d$p20128442$r2021-01-12 00:00:00$w2021-01-12$yBOO
=999  \\$c11006$d11006

