=LDR  01422aam a2200277   4500
=001  11007
=005  20250926134856.0
=008  230918s2007\\\\||||||||\||||\00|\0bger\d
=020  \\$a9783761818671
=041  \\$ager
=245  \\$aDokumente zu Leben, Werk und Nachwirken Johann Sebastian Bachs 1685-1800.$bNeue Dokumente und Nachträge zu Band I-III. Supplement zu Johann Sebastian Bach Neue Ausgabe sämtlicher Werke
=260  \\$aKassel$bBärenreiter$c2007
=300  \\$axii-451 pages
=490  \\$aBach-Dokumente$v5
=600  \0$1http://www.wikidata.org/entity/Q1339$aBach, Johann Sebastian$d1685-1750$94766
=648  \0$a17th Century (1601-1700)$1http://www.wikidata.org/entity/Q7016$920923
=648  \0$a18th Century (1701-1800)$1http://www.wikidata.org/entity/Q7015$920899
=650  \0$1http://www.wikidata.org/entity/Q36834$aComposer$93625
=650  \0$aOrganist$1http://www.wikidata.org/entity/Q765778$94471
=650  \0$aReception$1http://www.wikidata.org/entity/Q1791660$925021
=700  \\$aSchulze, Hans-Joachim$d1934-$1http://www.wikidata.org/entity/Q92055$4edt$911725
=700  \\$aGlöckner, Andreas$4edt$911150
=710  \\$1http://www.wikidata.org/entity/Q798038$aBach-Archiv Leipzig (Germany)$91212
=942  \\$cBOO
=952  \\$00$10$2ddc$40$6BIO_BACH1_B$70$8BIO$910994$aORPH$bORPH$cKTS1_P$d2020-07-08$eKoopman$i33A01_05$oBIO BACH1 b$p20123058$r2021-01-12 00:00:00$w2021-01-12$yBOO$OKoopman
=999  \\$d11007

