=LDR  01547aam a2200265   4500
=001  11010
=005  20251003085458.0
=008  211011i19851989\\\|||||\||||\00|\0dger\d
=041  \\$ager
=245  \\$aBach Compendium:$bAnalytisch-bibliographisches Repertorium der Werke Johann Sebastian Bachs
=260  \\$aLeipzig$aDresden$bPeters$c1985-89
=300  \\$a4 vols.
=600  \0$aBach, Johann Sebastian$d1685-1750$1http://www.wikidata.org/entity/Q1339$94766
=648  \0$a18th Century (1701-1800)$1http://www.wikidata.org/entity/Q7015$920899
=650  \0$aComposer$1http://www.wikidata.org/entity/Q36834$93625
=650  \0$aCatalogue$1http://www.wikidata.org/entity/Q2352616$921484
=650  \0$aBibliography$1http://www.wikidata.org/entity/Q134995$93965
=651  \0$aGermany$1http://www.wikidata.org/entity/Q183$9155
=700  \\$4edt$aSchulze, Hans-Joachim$d1934-$1http://www.wikidata.org/entity/Q92055$911725
=700  \\$4edt$aWolff, Christoph$d1940-$1http://www.wikidata.org/entity/Q66488$910387
=942  \\$cBOO
=952  \\$00$10$2ddc$3Teil I$40$6BIO_BACH1_C$70$8BIO$910997$aORPH$bORPH$cKTS1_P$d2020-07-08$eKoopman$i33A30$oBIO BACH1 c$p20123029$r2021-01-12 00:00:00$w2021-01-12$yBOO
=952  \\$00$10$2ddc$3Teil III$40$6BIO_BACH1_C$70$8BIO$910999$aORPH$bORPH$cKTS1_P$d2020-07-08$eKoopman$i33A30$oBIO BACH1 c$p20123027$r2021-01-12 00:00:00$w2021-01-12$yBOO
=952  \\$00$10$2ddc$3Teil IV$40$6BIO_BACH1_C$70$8BIO$911000$aORPH$bORPH$cKTS1_P$d2020-07-08$eKoopman$i33A30$oBIO BACH1 c$p20123026$r2021-01-12 00:00:00$w2021-01-12$yBOO
=999  \\$d11010

