=LDR  00862nam a2200217 a 4500
=001  11011
=005  20250925143259.0
=008  871210s1987\\\\ii\\\\\\\b\\\\000\0\eng\\
=020  \\$cRs55.00
=025  \\$aI E 55465
=040  \\$aOI
=100  \\$aĀhalūwālīā, Jasabīra Siṅgha$913974
=245  10$aSikhism today :$bthe crisis within and without /$cJasbir Singh Ahluwalia.
=260  \\$aChandigarh :$bGuru Gobind Singh Foundation,$c1987.
=300  \\$a82 p. ;$c22 cm.
=504  \\$aBibliography: p. [81]-82.
=650  \0$aSikhism$1http://www.wikidata.org/entity/Q9316$93823
=942  \\$cBOO
=952  \\$00$10$2ddc$3teil 2$40$6BIO_BACH1_C$70$8BIO$910998$aORPH$bORPH$cKTS1_P$d2020-07-08$eKoopman$i33A30$oBIO BACH1 c$p20123028$r2021-01-12 00:00:00$w2021-01-12$yBOO
=999  \\$c11011$d11011
=648  \0$a20th Century (1901-2000)$1http://www.wikidata.org/entity/Q6927$920936

