=LDR  01033    a2200217   4500
=001  11014
=008  210923s1938\\\\||||||||\||||\00|\0\ger\d
=041  \\$ager
=100  \\$aSchulze, Walter$4aut$913975
=245  \\$aDie Quellen der Hamburger Oper (1678-1738):$bEine bibliographisch-statistische Studie zur Geschichte der ersten stehenden deutschen Oper
=260  \\$aHamburg$aOldenburg$bStalling$c1938
=300  \\$a173 pages
=500  \\$aPhotocopy
=648  \0$a17th Century (1601-1700)$1http://www.wikidata.org/entity/Q7016$920923
=648  \0$a18th Century (1701-1800)$1http://www.wikidata.org/entity/Q7015$920899
=650  \0$aOpera$1http://www.wikidata.org/entity/Q1344$92468
=650  \0$aBibliography$1http://www.wikidata.org/entity/Q134995$93965
=651  \0$aHamburg (Germany)$1http://www.wikidata.org/entity/Q1055$921940
=942  \\$cBOO
=952  \\$00$10$2ddc$40$6TOP_DE_HAM_5_000000000000000$70$8TOP$911001$aORPH$bORPH$cKTS0$d2020-07-08$eKoopman$i45F11$oTOP DE.HAM 5$p20127515$r2021-01-12 00:00:00$w2021-01-12$yBOO
=999  \\$d11014

