=LDR  01065    a2200241   4500
=001  11015
=008  220215s1973\\\\gw\\||||\||||\00|\0\ger\d
=020  \\$a3873970252
=041  \\$ager
=100  \\$aSchumann, Otto$4aut$923700
=245  \\$aQuellen und Forschungen zur Geschichte des Orgelbaus im Herzogtum Schleswig
=260  \\$c1973$aMunich$bEmil Katzbichler
=300  \\$a505 pages
=336  \\$aprinted
=490  \\$aSchriften zur Musik$vBand 23
=648  \0$a18th Century (1701-1800)$1http://www.wikidata.org/entity/Q7015$920899
=650  \0$aOrgan$1http://www.wikidata.org/entity/Q1444$92810
=650  \0$aOrganology$1http://www.wikidata.org/entity/Q899293$921400
=651  \0$aSchleswig-Holstein (Germany)$1http://www.wikidata.org/entity/Q1194$922805
=700  \\$4edt$aKolneder, Walter$d1910-1994$1http://www.wikidata.org/entity/Q1168436$912113
=942  \\$cBOO
=952  \\$00$10$2ddc$40$6INS_3_000000000000000_1B_DE_SCH3$70$8INS$911002$aORPH$bORPH$cKTS0$d2020-07-08$eKoopman$i28B42$oINS3.1b DE.SCH3$p20121464$r2021-01-12 00:00:00$w2021-01-12$yBOO
=999  \\$d11015

