=LDR  01061cam a2200253 a 4500
=001  11016
=005  20250120115942.0
=008  870227s1982\\\\gw\a\\\\\b\\\\001\0\ger\\
=020  \\$a3150024722 :$cDM6.30
=040  \\$aOI
=100  \\$aSchumann, Robert$d1810-1856$4aut$1http://www.wikidata.org/entity/Q7351$913977
=245  10$aSchriften über Musik und Musiker
=260  \\$aStuttgart$bReclam$c1982
=300  \\$a256 pages$bill.$c16 cm
=490  0\$aUniversal-Bibliothek$v2472
=504  \\$aIncludes bibliographical references and index.
=590  \\$aAusgewählt und herausgegeben von Josef Häusler
=648  \0$a19th Century (1801-1900)$1http://www.wikidata.org/entity/Q6955$920935
=650  \0$aMusic criticism$1http://www.wikidata.org/entity/Q11748889$921598
=651  \0$aGermany$1http://www.wikidata.org/entity/Q183$9155
=700  \\$aHäusler, Josef$4edt$913978
=942  \\$cBOO
=952  \\$00$10$2ddc$40$6BIO_SCHU2_A$70$8BIO$911003$aORPH$bORPH$cKTS1_P$d2020-07-08$eKoopman$i20D38$oBIO SCHU2 a$p20125305$r2021-01-12 00:00:00$w2021-01-12$yBOO
=999  \\$d11016

