=LDR  00784aam a2200181   4500
=001  11019
=008  250611s1913\\\\||||||||\||||\00|\0\ger\d
=041  \\$ager
=100  \\$aSchünemann, Georg$d1884-1945$1http://www.wikidata.org/entity/Q121675$4aut$910717
=245  \\$aGeschichte des Dirigierens
=260  \\$aLeipzig$bBreitkopf & Härtel$c1913
=300  \\$a359 pages
=490  \\$aKleine Handbücher der Musikgeschichte nach Gattungen$v10
=650  \0$aMusic history$1http://www.wikidata.org/entity/Q846047$921373
=650  \0$aConducting$1http://www.wikidata.org/entity/Q6989196$92392
=942  \\$cBOO
=952  \\$00$10$2ddc$40$6MTP_2_000000000000000_SCHU$70$8MTP$911006$aORPH$bORPH$cKM12_1$d2020-07-08$eKoopman$i20C28$l0$oMTP2 SCHU$p20128084$r2021-01-12 00:00:00$w2021-01-12$yBOO
=999  \\$d11019

