=LDR  01073aam a2200217   4500
=001  11020
=008  230915s1932\\\\||||||||\||||\00|\0bger\d
=041  \\$ager
=100  \\$aSchünemann, Georg$d1884-1945$4aut$910717
=245  \\$aCarl Friedrich Zelter.$bDer Begründer der Preußischen Musikpflege
=260  \\$aBerlin$bHesse$c1932
=600  \0$1http://www.wikidata.org/entity/Q58857$aZelter, Carl Friedrich$d1758-1832$922803
=648  \0$1http://www.wikidata.org/entity/Q7015$a18th Century (1701-1800)$920899
=648  \0$1http://www.wikidata.org/entity/Q6955$a19th Century (1801-1900)$920935
=650  \0$1http://www.wikidata.org/entity/Q36279$aBiography$91927
=650  \0$1http://www.wikidata.org/entity/Q158852$aConductor$93134
=650  \0$1http://www.wikidata.org/entity/Q436016$aEarly music$93160
=651  \0$1http://www.wikidata.org/entity/Q38872$aPrussia (Germany)$9231
=942  \\$cBOO
=952  \\$00$10$2ddc$40$6BIO_ZELT_E$70$8BIO$911007$aORPH$bORPH$cKTS1_P$d2020-07-08$eKoopman$i33C29$oBIO ZELT e$p20122996$r2021-01-12 00:00:00$w2021-01-12$yBOO$OKoopman
=999  \\$d11020

