=LDR  01577aam a2200313   4500
=001  11022
=008  230608s2007\\\\|||da|||\b|||\00|\0cger\d
=020  \\$a3170195034
=041  \\$ager
=100  \\$aSchure, Steffen$913981$4aut
=245  \\$aDie Geschichte des Stadtmusikantentums in Ulm (1388-1840).$bEine monografische Studie
=260  \\$aUlm$aStuttgart$bKohlhammer$c2007
=300  \\$a360 pages
=490  \\$aForschungen zur Geschichte der Stadt Ulm$v31
=561  \\$aAutograph dedication to Prof. Dr. Krautwurst
=648  \0$1http://www.wikidata.org/entity/Q12554$aMiddle Ages (500-1400)$920964
=648  \0$1http://www.wikidata.org/entity/Q4692$aRenaissance (1400-1600)$920965
=648  \0$1http://www.wikidata.org/entity/Q7016$a17th Century (1601-1700)$920923
=648  \0$1http://www.wikidata.org/entity/Q7015$a18th Century (1701-1800)$920899
=648  \0$1http://www.wikidata.org/entity/Q6955$a19th Century (1801-1900)$920935
=650  \0$1http://www.wikidata.org/entity/Q846047$aMusic history$921373
=650  \0$aStadtpfeifer$1http://www.wikidata.org/entity/Q1412422$924631
=650  \0$aMusician$1http://www.wikidata.org/entity/Q639669$93574
=650  \0$aBiography$1http://www.wikidata.org/entity/Q36279$91927
=650  \0$aDirectory$1http://www.wikidata.org/entity/Q70326023$939358
=651  \0$1http://www.wikidata.org/entity/Q3012$aUlm (Germany)$924079
=942  \\$cBOO
=952  \\$00$10$2ddc$40$6TOP_DE_ULM$70$8TOP$911009$aORPH$bORPH$cKTS0$d2020-07-08$eKoopman$i46F14$l0$oTOP DE.ULM$p20126908$r2021-01-12 00:00:00$w2021-01-12$yBOO$OKoopman
=999  \\$d11022

