=LDR  01406aam a2200265   4500
=001  11023
=005  20250925143259.0
=008  241212s1975\\\\||||||||\||||\00|\0\dut\d
=041  \\$adut
=100  \\$aSchuttenbeld, P. G.$913982$4aut
=245  \\$aBoxmeer, Karmelietenklooster en Sint Petruskerk
=260  \\$aBoxmeer$bs.n.$c1975
=610  \0$aKarmelietenklooster (Boxmeer, Netherlands)$1http://www.wikidata.org/entity/Q2181588$939307
=610  \0$aBasiliek van Sint-Petrus en -Paulus (Boxmeer, Netherlands)$1http://www.wikidata.org/entity/Q2788712$925477
=610  \0$aCarmelites$1http://www.wikidata.org/entity/Q186277$925514
=648  \0$a17th Century (1601-1700)$1http://www.wikidata.org/entity/Q7016$920923
=648  \0$a18th Century (1701-1800)$1http://www.wikidata.org/entity/Q7015$920899
=648  \0$a19th Century (1801-1900)$1http://www.wikidata.org/entity/Q6955$920935
=648  \0$a20th Century (1901-2000)$1http://www.wikidata.org/entity/Q6927$920936
=650  \0$aMonastery$1http://www.wikidata.org/entity/Q44613$926216
=650  \0$aCatholicism$1http://www.wikidata.org/entity/Q1841$921631
=651  \0$aBoxmeer (Netherlands)$1http://www.wikidata.org/entity/Q9819$925476
=942  \\$cBOO
=952  \\$00$10$2ddc$40$6TOP_NL_BOX_5_000000000000000$70$8TOP$911010$aORPH$bORPH$cKTS0$d2020-07-08$eKoopman$i22D33$l0$oTOP NL.BOX 5$p20128444$r2021-01-12 00:00:00$w2021-01-12$yBOO$OKoopman
=999  \\$d11023

