=LDR  01096cam a2200241 a 4500
=001  11025
=005  20250821130544.0
=008  881104r19871884ne\\\\\\\\\\\\000\0\ger\\
=041  \\$ager
=100  \\$aSchütze, Friedrich Wilhelm$d1807-1888$4aut$913984
=245  10$aHandbuch zu der praktischen Orgelschule
=260  \\$aBuren$bFrits Knuf$c1987
=300  \\$avi, 98 pages$c23 cm
=490  \\$aBibliotheca Organologica. Facsimiles of rare books on organ and organbuilding$vVolume 80
=648  \0$a19th Century (1801-1900)$1http://www.wikidata.org/entity/Q6955$920935
=650  \0$aOrgan$1http://www.wikidata.org/entity/Q1444$92810
=650  \0$aOrgan music$1http://www.wikidata.org/entity/Q2003283$91951
=650  \0$aMethod$1http://www.wikidata.org/entity/Q2250960$921402
=651  \0$aGermany$1http://www.wikidata.org/entity/Q183$9155
=700  \\$4edt$aWilliams, Peter$d1937-2016$915535
=942  \\$cBOO
=952  \\$00$10$2ddc$40$6INS_3_000000000000000_1C_SCHÜ$70$8INS$911012$aORPH$bORPH$cKTS0$d2020-07-08$eKoopman$i22D14$oINS3.1c SCHÜ$p20128462$r2021-01-12 00:00:00$w2021-01-12$yBOO
=999  \\$d11025

