=LDR  02116cam a22003857i 4500
=001  11026
=005  20250120115942.0
=008  190327t20172017gw\a\\\\\bc\\\001\0\eng\d
=010  \\$a  2018469181
=020  \\$a9783836562867
=020  \\$a3836562863
=035  \\$a(OCoLC)ocn967186238
=040  \\$aYDX$beng$erda$cYDX$dBDX$dKFP$dOCLCF$dBUDAP$dZYU$dDLC
=041  1\$aeng$hger
=042  \\$alccopycat
=100  \\$aCaravaggio, Michelangelo Merisi da$d1573-1610$4aut$1http://www.wikidata.org/entity/Q42207$913988
=245  10$aCaravaggio:$bThe Complete Works
=264  \1$aCologne$bTaschen$c2017
=300  \\$a524 pages :$bcolor illustrations ;$c21 cm.
=336  \\$atext$btxt$2rdacontent
=337  \\$aunmediated$bn$2rdamedia
=338  \\$avolume$bnc$2rdacarrier
=490  1\$aBibliotheca Universalis
=504  \\$aIncludes bibliographical references (pages 484-504) and index.
=505  0\$aImages of Caravaggio : historical and historiographical perspectives -- Lombard beginnings, 1571-1592 -- The path to artistic autonomy, 1592-1599 -- The large religious works in Rome, 1599-1606 -- The late œuvre in Southern Italy : Naples-Malta-Sicily, 1606-1610 -- Reflections and refractions -- Catalogue of paintings.
=520  8\$aThis title offers a comprehensive examination of the whole of Caravaggio's œuvre with a catalogue raisonée of his works. Five introductory chapters analyse his artistic career from his training in Lombard Milan and his triumphal rise in papal Rome up to his dramatic final years in Naples, Malta and Sicily.
=534  \\$aOriginally published in 2009
=648  \0$a17th Century (1601-1700)$1http://www.wikidata.org/entity/Q7016$920923
=650  \0$aFine art$1http://www.wikidata.org/entity/Q219625$921579
=650  \0$aBaroque$1http://www.wikidata.org/entity/Q37853$921255
=651  \0$aItaly$1http://www.wikidata.org/entity/Q38$922
=700  \\$aSchütze, Sebastian$4edt$917187
=942  \\$cBOO
=952  \\$00$10$2ddc$40$6BIO_CARA_A$70$8BIO$911013$aORPH$bORPH$cKTS1_P$d2020-07-08$eKoopman$i47D31$oBIO CARA a$p20123684$r2021-01-12 00:00:00$w2021-01-12$yBOO
=999  \\$d11026

