=LDR  01343    a2200241   4500
=001  11027
=008  220126s1995\\\\gw\a||||\||||\00|\0\ger\d
=041  \\$ager
=100  \\$aEggebrecht, Hans Heinrich$d1919-1999$4edt$1http://www.wikidata.org/entity/Q87434$917560
=245  \\$aDie Elsässische Orgelreform
=260  \\$aKleinblittersdorf$bMusikwissenschaftliche Verlags-Gesellschaft$c1995
=300  \\$a122 pages
=490  \\$aVeröffentlichungen der Walcker-Stiftung$v15
=505  \\$gContributions by Haralad Schützeichel, Jean Guillou, Etienne Jacquot, Kurt Lueders, Giuseppe G. Englert, Marc Schaefer, Christian Lutz, and Werner Walcker-Mayer 
=590  \\$aBericht über das neunte Colloquium der Walcker-Stiftung für orgelwissenschaftliche Forschung 27.-28. Mai 1984 in Strasbourg
=648  \0$a17th Century (1601-1700)$1http://www.wikidata.org/entity/Q7016$920923
=650  \0$aOrgan$1http://www.wikidata.org/entity/Q1444$92810
=650  \0$aOrganology$1http://www.wikidata.org/entity/Q899293$921400
=650  \0$aOrgan$1http://www.wikidata.org/entity/Q1444$92810
=651  \0$aAlsace (France)$1http://www.wikidata.org/entity/Q1142$922946
=942  \\$cBOO
=952  \\$00$10$2ddc$40$6INS_3_000000000000000_1B$70$8INS$911014$aORPH$bORPH$cKTS0$d2020-07-08$eKoopman$i24A03$oINS3.1b$p20128725$r2021-01-12 00:00:00$w2021-01-12$yBOO
=999  \\$d11027

