=LDR  01447cam a2200265 a 4500
=001  11031
=005  20250218163405.0
=008  900424s1987\\\\ne\\\\\\\bc\\\001\0\dut\\
=020  \\$a9060043936
=040  \\$aOI
=100  \\$aSchuytvlot, A. C.$913994
=245  10$aCatalogus van werken van en over Vondel :$bgedrukt vóór 1801 en aanwezig in de Universiteitsbibliotheek van Amsterdam /$cA.C. Schuytvlot ; met een inleiding van Johan Gerritsen.
=260  \\$aNieuwkoop :$bDe Graaf Publishers,$c1987.
=300  \\$axxxii, 290 p. ;$c25 cm.
=490  \\$aBibliotheca bibliographica Neerlandica ;$vv. 25
=600  \0$aVondel, Joost van den$d1587-1679$1http://www.wikidata.org/entity/Q312673$95247
=610  \0$aUniversiteitsbibliotheek van Amsterdam (Netherlands)$1http://www.wikidata.org/entity/Q2017571$91293
=648  \0$a17th Century (1601-1700)$1http://www.wikidata.org/entity/Q7016$920923
=648  \0$a18th Century (1701-1800)$1http://www.wikidata.org/entity/Q7015$920899
=650  \0$aPrinting$1http://www.wikidata.org/entity/Q11034$921936
=650  \0$aBibliography$1http://www.wikidata.org/entity/Q134995$93965
=710  \\$aUniversiteitsbibliotheek van Amsterdam (Netherlands)$bBibliotheek.$1http://www.wikidata.org/entity/Q2017571$91293
=942  \\$cBOO
=952  \\$00$10$2ddc$40$6BIO_VOND_C$70$8BIO$911018$aORPH$bORPH$cKTS1_P$d2020-07-08$eKoopman$i41A21$l0$oBIO VOND c$p20120194$r2021-01-12 00:00:00$w2021-01-12$yBOO$OKoopman
=999  \\$d11031

