=LDR  00802aam a2200193   4500
=001  11038
=008  240422s1988\\\\||||||||\||||\00|\0\dut\d
=020  \\$a9789061536505
=041  \\$adut
=100  \\$aSchwartz, Gary$d1940-$913105$4aut
=245  \\$aHet Rembrandt boek
=260  \\$aBrussels$bMercatorfonds$c2006
=600  \0$aRembrandt$d1606-1669$1http://www.wikidata.org/entity/Q5598$914481
=648  \0$a17th Century (1601-1700)$1http://www.wikidata.org/entity/Q7016$920923
=650  \0$aFine art$1http://www.wikidata.org/entity/Q219625$921579
=651  \0$aNetherlands$1http://www.wikidata.org/entity/Q55$9173
=942  \\$cBOO
=952  \\$00$10$2ddc$40$6BIO_REMB_D$70$8BIO$911025$aORPH$bORPH$cKTS1_P$d2020-07-08$eKoopman$i36F17$oBIO REMB d$p20120654$r2021-01-12 00:00:00$w2021-01-12$yBOO$OKoopman
=999  \\$d11038

