=LDR  01470cam a2200289 a 4500
=001  11039
=008  920422s1991\\\\gw\af\\\\b\\\\001\0\ger\\
=020  \\$a392114034X (set)
=040  \\$aOI
=041  \\$ager
=245  00$a500 Jahre Orgeln in Berliner Evangelischen Kirchen
=260  \\$aBerlin$bPape$c1991
=300  \\$a2 voll (523 pages) $bill. $c32 cm
=490  \\$aVeröffentlichung der Gesellschaft der Orgelfreunde$v134
=504  \\$aIncludes bibliographical references (p. 492-501) and indexes.
=590  \\$aherausgegeben von Berthold Schwarz; zusammengestellt von Uwe Pape; unter Mitarbeit von Stefan Behrens [et al.]
=650  \0$aOrgan$1http://www.wikidata.org/entity/Q1444$92810
=650  \0$aOrganology$1http://www.wikidata.org/entity/Q899293$921400
=651  \0$aBerlin (Germany)$1http://www.wikidata.org/entity/Q64$948
=700  \\$aSchwarz, Berthold$d1909-$4edt$921370
=700  \\$aPape, Uwe$d1936-$4edt$913171
=700  \\$aBehrens, Stefan$4ctb$921371
=740  0\$aFünfhundert Jahre Orgeln in Berliner evangelischen Kirchen
=942  \\$cBOO
=952  \\$00$10$2ddc$3Band II$40$6INS_3_000000000000000_1A_DE_BER$70$8INS$911026$aORPH$bORPH$cKTS0$d2020-07-08$eKoopman$i20A01-II$oINS 3.1a DE.BER$p20128065$r2021-01-12 00:00:00$w2021-01-12$yBOO
=952  \\$00$10$2ddc$3Band I$40$6INS_3_000000000000000_1A_DE_BER$70$8INS$911027$aORPH$bORPH$cKTS0$d2020-07-08$eKoopman$i20A01-I$oINS 3.1a DE.BER$p20128064$r2021-01-12 00:00:00$w2021-01-12$yBOO
=999  \\$d11039

