=LDR  01109    a2200229   4500
=001  11042
=008  220223s1939\\\\|||f||||\||||\00|\0\ger\d
=041  \\$ager
=100  \\$aSchwarzbeck, Friedrich Wilhelm$4aut$914000
=245  \\$aAnsbacher Theatergeschichte$bbis zum Tode des Markgrafen Johann Friedrich (1686)
=260  \\$aEmsdetten$bLechte$c1939
=300  \\$a138 pages, 7 pages of plates, b&w
=490  \\$aDie Schaubühne. Quellen und Forschungen zur Theatergeschichte$v29
=648  \0$aMiddle Ages (500-1400)$1http://www.wikidata.org/entity/Q12554$920964
=648  \0$aRenaissance (1400-1600)$1http://www.wikidata.org/entity/Q4692$920965
=648  \0$a17th Century (1601-1700)$1http://www.wikidata.org/entity/Q7016$920923
=650  \0$aCourt$922191
=650  \0$aTheater history$1http://www.wikidata.org/entity/Q1061140$94607
=651  \0$aAnsbach (Germany)$1http://www.wikidata.org/entity/Q14859$923195
=942  \\$cBOO
=952  \\$00$10$2ddc$40$6TOP_DE_ANS$70$8TOP$911029$aORPH$bORPH$cKTS0$d2020-07-08$eKoopman$i28E04$l1$oTOP DE.ANS$p20121382$r2022-03-29 00:00:00$s2022-02-23$w2021-01-12$yBOO
=999  \\$d11042

