=LDR  01069aam a2200229   4500
=001  11043
=008  211118s1995\\\\gw\f||||\||||\00|\0\ger\d
=041  \\$ager
=245  \\$aDie große Silbermann-Orgel im Dom zu Freiberg
=260  \\$bHertel$c1995$aFreiberg
=300  \\$a18 pages, plates
=600  \0$aSilbermann, Gottfried$d1683-1753$1http://www.wikidata.org/entity/Q61720$914779
=610  \0$aDom (Freiberg, Germany)$1http://www.wikidata.org/entity/Q592392$922940
=648  \0$a18th Century (1701-1800)$1http://www.wikidata.org/entity/Q7015$920899
=650  \0$aOrgan$1http://www.wikidata.org/entity/Q1444$92810
=650  \0$aChurch$1http://www.wikidata.org/entity/Q16970$93776
=651  \0$aFreiberg (Germany)$1http://www.wikidata.org/entity/Q14819$922938
=700  \\$4aut$aSchwarzenberg, Christoph$914001
=700  \\$4aut$aWegscheider, Kristian$922939
=942  \\$cBOO
=952  \\$00$10$2ddc$40$6INS_3_000000000000000_1E_DE_FRE2$70$8INS$911030$aORPH$bORPH$cKTS0$d2020-07-08$eKoopman$i24C22$oINS3.1e DE.FRE2$p20129036$r2021-01-12 00:00:00$w2021-01-12$yBOO
=999  \\$d11043

