=LDR  01407cam a2200265 a 4500
=001  11046
=008  971112s1997\\\\gw\a\\\\\b\\\\001\0dger\d
=041  \\$ager
=100  \\$aSchweisthal, Christofer$911342$4aut
=245  14$aDie Eichstätter Hofkapelle bis zu ihrer Auflösung 1802:$bein Beitrag zur Geschichte der Hofmusik an süddeutschen Residenzen
=260  \\$aTutzing$bSchneider$c1997
=300  \\$a331 pages
=490  \\$aEichstätter Abhandlungen zur Musikwissenschaft$v12
=504  \\$aIncludes bibliographical refereces (p. 301-308) and index.
=648  \0$a15th Century (1401-1500)$1http://www.wikidata.org/entity/Q7018$921015
=648  \0$a16th Century (1501-1600)$1http://www.wikidata.org/entity/Q7017$920944
=648  \0$a17th Century (1601-1700)$1http://www.wikidata.org/entity/Q7016$920923
=648  \0$a18th Century (1701-1800)$1http://www.wikidata.org/entity/Q7015$920899
=650  \0$aMusic history$1http://www.wikidata.org/entity/Q846047$921373
=650  \0$aCourt$1http://www.wikidata.org/entity/Q1134237$922191
=650  \0$aCappella$1http://www.wikidata.org/entity/Q19902156$922910
=651  \0$aEichstätt (Germany)$1http://www.wikidata.org/entity/Q252772$926679
=942  \\$cBOO
=952  \\$00$10$2ddc$40$6TOP_DE_EIC_4_000000000000000$70$8TOP$911033$aORPH$bORPH$cKTS0$d2020-07-08$eKoopman$i35E05$l0$oTOP DE.EIC 4$p20122508$r2021-01-12 00:00:00$w2021-01-12$yBOO$OKoopman
=999  \\$d11046

