=LDR  01197aam a2200229   4500
=001  11049
=008  220429s1935\\\\||||||||\||||\00|\0\dut\d
=041  \\$adut
=100  \\$aSchwencke, Johan$d1887-1981$4aut$96603
=245  \\$aHet Exlibris in Nederland.$bEen studie voor vrienden van boek en prent
=260  \\$aAmsterdam$bWereldbibliotheek$c1935
=300  \\$a47 pages
=650  \0$aBibliophilia$1http://www.wikidata.org/entity/Q214719$921630
=650  \0$aBookplate$1http://www.wikidata.org/entity/Q188456$926750
=650  \0$aGraphic design (Typography)$1http://www.wikidata.org/entity/Q185925$91931
=650  \0$aApplied arts$1http://www.wikidata.org/entity/Q2865882$921627
=650  \0$aCollecting$1http://www.wikidata.org/entity/Q208165$92117
=651  \0$aNetherlands$1http://www.wikidata.org/entity/Q55$9173
=942  \\$cBOO
=952  \\$00$10$2ddc$40$6BIB_1_000000000000000_SCHW$70$8BIB$911035$aORPH$bORPH$cKTS0$d2020-07-08$eKoopman$i34D18a$oBIB1 SCHW$p20120852$r2021-01-12 00:00:00$w2021-01-12$yBOO
=952  \\$00$10$2ddc$40$6BIB_1_000000000000000_SCHW$70$8BIB$911036$aORPH$bORPH$cKTS0$d2020-07-08$eKoopman$i34D18a (bis)$oBIB1 SCHW$p20120853$r2021-01-12 00:00:00$w2021-01-12$yBOO
=999  \\$d11049

