=LDR  00932aam a2200205   4500
=001  11051
=008  220429s1939\\\\|||a||||\||||\00|\0\dut\d
=041  \\$adut
=100  \\$aSchwencke, Johan$d1887-1981$4aut$96603
=245  \\$aHet Exlibris in Frankrijk. $bEen studie voor vrienden van boek en prent
=260  \\$aAmsterdam$bWereldbibliotheek$c1939
=300  \\$a43 pages
=650  \0$aBibliophilia$1http://www.wikidata.org/entity/Q214719$921630
=650  \0$aBookplate$1http://www.wikidata.org/entity/Q188456$926750
=650  \0$aFine art$1http://www.wikidata.org/entity/Q219625$921579
=650  \0$aGraphic design (Typography)$1http://www.wikidata.org/entity/Q185925$91931
=651  \0$aFrance$1http://www.wikidata.org/entity/Q142$9131
=942  \\$cBOO
=952  \\$00$10$2ddc$40$6BIB_1_000000000000000_SCHW$70$8BIB$911038$aORPH$bORPH$cKTS0$d2020-07-08$eKoopman$i34D18c$oBIB1 SCHW$p20120850$r2021-01-12 00:00:00$w2021-01-12$yBOO
=999  \\$d11051

