=LDR  01005aam a2200217   4500
=001  11054
=008  220429s1937\\\\||||||||\||||\00|\0\dut\d
=041  \\$adut
=100  \\$aSchwencke, Johan$d1887-1981$4aut$96603
=245  \\$aHet Exlibris in Oostenrijk.$bEen studie voor vrienden van boek en prent
=260  \\$aAmsterdam$bWereldbibliotheek$c1937
=300  \\$a40 pages
=650  \0$aBibliophilia$1http://www.wikidata.org/entity/Q214719$921630
=650  \0$aBookplate$1http://www.wikidata.org/entity/Q188456$926750
=650  \0$aGraphic design (Typography)$1http://www.wikidata.org/entity/Q185925$91931
=650  \0$aFine art$1http://www.wikidata.org/entity/Q219625$921579
=650  \0$aCollecting$1http://www.wikidata.org/entity/Q208165$92117
=651  \0$aAustria$1http://www.wikidata.org/entity/Q40$9202
=942  \\$cBOO
=952  \\$00$10$2ddc$40$6BIB_1_000000000000000_SCHW$70$8BIB$911041$aORPH$bORPH$cKTS0$d2020-07-08$eKoopman$i34D18f$oBIB1 SCHW$p20120847$r2021-01-12 00:00:00$w2021-01-12$yBOO
=999  \\$d11054

