=LDR  01497cam a2200325 a 4500
=001  11055
=005  20250218150430.0
=008  080118s2006\\\\gw\gh\\\\b\\\\000\0\ger\d
=010  \\$a  2008374805
=020  \\$a9783937788081
=041  \\$ager
=100  \\$aSchwinger, Tobias$914007$4aut
=245  14$aDie Musikaliensammlung Thulemeier und die Berliner Musiküberlieferung in der zweiten Hälfte des 18. Jahrhunderts
=260  \\$aBeeskow$bOrtus$c2006
=300  \\$a728 pages$bfacs.; music.$c25 cm.
=490  \\$aOrtus Studien$v3
=504  \\$aIncludes bibliographical references (p. 675-692) and indexes.
=590  \\$aKatalog und Textteil
=600  \0$aThulemeyer, Friedrich Wilhelm von$d1735-1811$1http://www.wikidata.org/entity/Q89315$914008
=610  \0$aStaatsbibliothek zu Berlin (Germany)$91572
=648  \0$a18th Century (1701-1800)$1http://www.wikidata.org/entity/Q7015$920899
=650  \0$aManuscript$1http://www.wikidata.org/entity/Q87167$92275
=650  \0$aMusic$92062
=650  \0$aMusic history$1http://www.wikidata.org/entity/Q846047$921373
=650  \0$aLibrary$1http://www.wikidata.org/entity/Q7075$94229
=650  \0$aCollecting$1http://www.wikidata.org/entity/Q208165$92117
=651  \0$aGermany$1http://www.wikidata.org/entity/Q183$9155
=942  \\$cBOO
=952  \\$00$10$2ddc$40$6BIB_4_000000000000000_DE_BER_THUL$70$8BIB$911042$aORPH$bORPH$cKTS0$d2020-07-08$eKoopman$i37A06$l0$oBIB4 DE.BER THUL$p20120630$r2021-01-12 00:00:00$w2021-01-12$yBOO$OKoopman
=999  \\$d11055

