=LDR  01607aam a2200205   4500
=001  11056
=008  220922s1973\\\\|||a||||\||||\00|\0deng\d
=041  \\$aeng
=100  \\$aSutton, Denys$4edt$924997
=245  \\$aApollo. The Magazine of the Arts$nJanuary 1973
=260  \\$aLondon $bApollo Magazine$c1973
=300  \\$a118 pages, advertisements
=505  \\$gEditorial: Enchantment and Intellectualism -- Pierre Crozat: A Maecenas of the Régence / Barbara Scott -- The Comtesse de Verrue: A Lover of Dutch and Flemish Art / Barbara Scott -- The Marquis de Marigny: A Dispenser of Royal Patronage / Barbara Scott -- Aignan-Thomas Desfriches: Artist and Collector from Orleans / Barbara Scott -- The Duc de Choiseul: A Minister in the Grand Manner / Barbara Scott -- Pierre-Jean Mariette: Scholar and Connoisseur / Barbara Scott -- Madame du Barry: A Royal Favourite with Taste / Barbara Scott -- La Live de Jully: Pioneer of Neo-Classicism / Barbara Scott -- The Comte d'Angiviller: The last Directeur-Général des Bâtiments / Barbara Scott -- Charles Alexandre de Calonne: Economist and Collector / Barbara Scott
=648  \0$a18th Century (1701-1800)$1http://www.wikidata.org/entity/Q7015$920899
=650  \0$aFine art$1http://www.wikidata.org/entity/Q219625$921579
=650  \0$aPatronage$1http://www.wikidata.org/entity/Q214092$94245
=651  \0$aFrance$1http://www.wikidata.org/entity/Q142$9131
=942  \\$cPER
=952  \\$00$10$2ddc$40$6TOP_FR_5_000000000000000$70$8TOP$911043$aORPH$bORPH$cKTS0$d2020-07-08$eKoopman$i45F21$l0$oTOP FR 5$p20127503$r2021-01-12 00:00:00$w2021-01-12$yPER$OKoopman
=999  \\$d11056

