=LDR  01212aam a2200277   4500
=001  11057
=008  220510s2002\\\\||||||||\||||\00|\m\fre\d
=020  \\$a9782745306654
=022  \\$a11692936
=041  \\$afre
=245  \\$aChroniques du samedi,$bsuivies de pièces diverses (1653-1654)
=260  \\$aParis$bChampion$c2002
=300  \\$a400 pages
=490  \\$aSources classiques$v43
=590  \\$aÉdition établie et commentée par Alain Niderst, Delphine Denis et Myriam Maître
=648  \0$a17th Century (1601-1700)$1http://www.wikidata.org/entity/Q7016$920923
=650  \0$aLiterature$1http://www.wikidata.org/entity/Q8242$94439
=651  \0$aFrance$1http://www.wikidata.org/entity/Q142$9131
=700  \\$4aut$aScudéry, Madeleine de$d1607-1701$1http://www.wikidata.org/entity/Q237095$97338
=700  \\$4aut$aPellisson, Paul$d1624-1693$1http://www.wikidata.org/entity/Q1368276$924126
=700  \\$4edt$aNiderst, Alain$924127
=700  \\$4edt$aDenis, Delphine$924128
=700  \\$4edt$aMaître, Myriam$924129
=942  \\$cBOO
=952  \\$00$10$2ddc$40$6LIT_SCUD_A$70$8LIT$911044$aORPH$bORPH$cKM12_2_H$d2020-07-08$eKoopman$i44E43$oLIT SCUD a$p20126554$r2021-01-12 00:00:00$w2021-01-12$yBOO
=999  \\$d11057

