=LDR  01099aam a2200229   4500
=001  11059
=008  220902s1969\\\\||||||||\||||\00|\0\ger\d
=041  \\$ager
=100  \\$aSeefrid, G.$4aut$914012
=245  \\$aDie Airs de danse in den Bühnenwerken von Jean-Philippe Rameau
=260  \\$aWiesbaden$bBreitkopf & Härtel$c1969
=490  \\$aNeue musikgeschichtliche Forschungen$v2
=600  \0$aRameau, Jean-Philippe$d1683-1764$1http://www.wikidata.org/entity/Q1145$94787
=610  \0$aOpéra (Paris, France)$1http://www.wikidata.org/entity/Q283339$920898
=648  \0$a18th Century (1701-1800)$1http://www.wikidata.org/entity/Q7015$920899
=650  \0$aOpera$1http://www.wikidata.org/entity/Q1344$92468
=650  \0$aBallet$1http://www.wikidata.org/entity/Q41425$94412
=650  \0$aAir$1http://www.wikidata.org/entity/Q406714$924073
=651  \0$aParis (France)$1http://www.wikidata.org/entity/Q90$9160
=942  \\$cBOO
=952  \\$00$10$2ddc$40$6BIO_RAME_E$70$8BIO$911046$aORPH$bORPH$cKTS1_P$d2020-07-08$eKoopman$i44A18$oBIO RAME e$p20126728$r2021-01-12 00:00:00$w2021-01-12$yBOO$OKoopman
=999  \\$d11059

