=LDR  01070cam a2200265 a 4500
=001  11060
=005  20250217163842.0
=008  080118s2007\\\\gw\ab\\\\b\\\\000\0\ger\\
=020  \\$a9783458192930
=020  \\$a345819293X
=024  3\$a9783458192930
=040  \\$aOI
=041  \\$ager
=100  \\$aSeemann, Annette$d-1959$914013
=245  14$aDie Geschichte der Herzogin Anna Amalia Bibliothek
=260  \\$aFrankfurt am Main$bInsel$c2007
=300  \\$a123 pages$bill. (some col.), map$c19 cm.
=490  0\$aInsel-Bücherei$v1293
=504  \\$aIncludes bibliographical references (p. 120-[124]).
=610  \0$aHerzogin Anna Amalia Bibliothek (Weimar, Germany)$1http://www.wikidata.org/entity/Q50711$91573
=650  \0$aLibrary$1http://www.wikidata.org/entity/Q7075$94229
=651  \0$aWeimar (Germany)$1http://www.wikidata.org/entity/Q3955$921645
=942  \\$cBOO
=952  \\$00$10$2ddc$40$6BIB_4_000000000000000_DE_WEI1$70$8BIB$911047$aORPH$bORPH$cKTS0$d2020-07-08$eKoopman$i45D05$l0$oBIB4 DE.WEI1$p20127325$r2021-01-12 00:00:00$w2021-01-12$yBOO$OKoopman
=999  \\$d11060

