=LDR  01956aam a2200217   4500
=001  11061
=008  240422s1966\\\\||||||||\||||\00|\0\dut\d
=041  \\$adut
=100  \\$aSeggelen, A. J. M. van$914014$4aut
=245  \\$aHet liedboek van Liisbet Ghoeyuaers
=260  \\$aZwolle$bTjeenk Willink$c1966
=500  \\$aDoctoral dissertation
=520  \\$aIn de handschriftenafdeling van de Bibliothèque Nationale te Parijs vindt men onder nummer 39 van het Fonds Néerlandais een laat-middeleeuws liederhandschrift dat al verschillende malen een voorwerp van studie is geweest.

In 1899 kwam de vrome inhoud van het bundeltje ter beschikking van de belangstellenden door een editie in de Leuvensche Bijdragen. Ga naar voetnoot1 Dr. L. Scharpé had daartoe een door hem vervaardigd afschrift ter beschikking gesteld aan C. Lecoutere, die de uitgave verzorgde. Deze uitgave en Knuttels boek over het Geestelijk LiedGa naar voetnoot2 hebben de liederverzameling een plaats en een naam bezorgd in de geschiedenis der Nederlandse letteren. Op bepaalde gronden is indertijd aangenomen dat een zuster uit het klooster Barbaradael op de Eikendonk onder Den Dungen de verzameling geestelijke liederen zou hebben aangelegd. Men heeft ook verondersteld dat zij althans een gedeelte ervan zelf zou hebben gedicht. Het klooster Barbaradael werd van 1477 tot 1627 bewoond door tertiarissen.
=648  \0$aMiddle Ages (500-1400)$1http://www.wikidata.org/entity/Q12554$920964
=650  \0$aSong$1http://www.wikidata.org/entity/Q7366$94164
=650  \0$aManuscript$1http://www.wikidata.org/entity/Q87167$92275
=651  \0$aNetherlands$1http://www.wikidata.org/entity/Q55$9173
=856  \\$uhttps://www.dbnl.org/tekst/_lie018lied02_01/index.php$3Digital Library for Dutch Literature (DBNL)
=942  \\$cBOO
=952  \\$00$10$2ddc$40$6LIT_SEGG_A$70$8LIT$911048$aORPH$bORPH$cKM12_2_H$d2020-07-08$eKoopman$i42B06$oLIT SEGG a$p20120088$r2021-01-12 00:00:00$w2021-01-12$yBOO
=999  \\$d11061

