=LDR  01305cam a22002297a 4500
=001  11063
=008  870324s1980\\\\gw\a\\\\\\\\\\000\0\ger\\
=041  \\$ager
=245  10$aDenkmalorgeln zwischen Weser und Ems 
=260  \\$aBerlin $bMerseburger$c1980
=300  \\$a64 pages$bchiefly ill. (some col.) $c21 cm
=490  1\$aVeröffentlichung der Gesellschaft der Orgelfreunde$v81
=500  \\$aAbout organs in Amdord, Bagband, Berne, Bockhorn, Carolinensiel, Dornum, Funnix, Ganderkesee, Hage, Hohenkirchen, Holtrop, Jade, Langwarden, Marienhafen, Norden, Ochtersum, Oldenbrok, Osteel, Pakens, Petkum, Reepsholt, Rysum, Sillenstede, Simonswolde, Tossens, Uttum, Waddewarden, Weener, Westerhusen, Wiefelstede, Wittmund. 
=650  \0$aOrgan$1http://www.wikidata.org/entity/Q1444$92810
=650  \0$aOrganology$1http://www.wikidata.org/entity/Q899293$921400
=650  \0$aChurch$1http://www.wikidata.org/entity/Q16970$93776
=651  \0$aLower Saxony (Germany)$1http://www.wikidata.org/entity/Q1197$922735
=700  \\$4edt$aSeggermann, Günter$914016
=700  \\$4edt$aWeidenbach, Wolfgang$914017
=942  \\$cBOO
=952  \\$00$10$2ddc$40$6INS_3_100000000000000_A_DE_LOW$70$8INS$911050$aORPH$bORPH$cKTS0$d2020-07-08$eKoopman$i29D27$oINS3.1 a DE.LOW$p20121340$r2021-01-12 00:00:00$w2021-01-12$yBOO
=999  \\$d11063

