=LDR  01252cam a2200241 a 4500
=001  11064
=008  840423s1986\\\\gw\ab\\\\b\\\\000\0\ger\\
=041  \\$ager
=245  10$aDenkmalorgeln zwischen Elbe und Weser 
=260  \\$aKassel $bMerseburger$c1986
=300  \\$a80 pages$bill. (some col.), 1 map $c21 cm
=490  1\$a96. Veröffentlichung der Gesellschaft der Orgelfreunde
=500  \\$aAbout organs in Altenbruch, Borstel, Cadenberge, Cappel, Dedesdorf, Dorum, Estebrügge, Grasberg, Himmelpforten, Hollern, Kirchlinteln, Lüdingworth, Mittelnkirchen, Neuenfelde, Neuhaus / Oste, Ottendorf, Scharmneck, Stade, Steinkrichen.
=504  \\$aBibliography: p. 80.
=650  \0$aOrgan$1http://www.wikidata.org/entity/Q1444$92810
=650  \0$aOrganology$1http://www.wikidata.org/entity/Q899293$921400
=651  \0$aGermany$1http://www.wikidata.org/entity/Q183$9155
=651  \0$aLower Saxony (Germany)$1http://www.wikidata.org/entity/Q1197$922735
=700  \\$aWeidenbach, Wolfgang$4edt$914017
=700  \\$aSeggermann, Günter$4edt$914016
=942  \\$cBOO
=952  \\$00$10$2ddc$40$6INS_3_100000000000000_A_DE_LOW$70$8INS$911051$aORPH$bORPH$cKTS0$d2020-07-08$eKoopman$i29D28$oINS3.1 a DE.LOW$p20121339$r2021-01-12 00:00:00$w2021-01-12$yBOO
=999  \\$d11064

