=LDR  01028cam a2200241 a 4500
=001  11065
=005  20250120120203.0
=008  940519s1992\\\\gw\ab\\\\b\\\\000\0\ger\d
=041  \\$ager
=245  10$aDenkmalorgeln zwischen Nord- und Ostsee
=260  \\$aBerlin $bMerseburger$c1992
=300  \\$a96 pages$bill. (some col.), map$c21 cm
=490  1\$a127. Veröffentlichung der Gesellschaft der Orgelfreunde
=504  \\$aIncludes bibliographical references.
=650  \0$aOrgan$1http://www.wikidata.org/entity/Q1444$92810
=650  \0$aOrganology$1http://www.wikidata.org/entity/Q899293$921400
=650  \0$aChurch$1http://www.wikidata.org/entity/Q16970$93776
=651  \0$aGermany$1http://www.wikidata.org/entity/Q183$9155
=700  \\$aWeidenbach, Wolfgang$4edt$914017
=700  \\$aSeggermann, Günter$4edt$914016
=942  \\$cBOO
=952  \\$00$10$2ddc$40$6INS_3_100000000000000_A_DE_SCH3$70$8INS$911052$aORPH$bORPH$cKTS0$d2020-07-08$eKoopman$i29D29$oINS3.1 a DE.SCH3$p20121338$r2021-01-12 00:00:00$w2021-01-12$yBOO
=999  \\$d11065

