=LDR  01270aam a2200241   4500
=001  11068
=008  240506s1988\\\\|||ag|||\||||\00|\0dmul\d
=041  \\$acze$ager
=100  \\$aSehnal, Jiří$d1931-$1http://www.wikidata.org/entity/Q89801996$912765$4aut
=245  \\$aHudba v olomoucke katedrale v 17. a 18. stoleti
=260  \\$aBrno$bMoravske Muzeum v Brne$c1988
=300  \\$a228 pages
=500  \\$aMusic in Olomouc Cathedral in the 17th and 18th centuries 
=610  \0$aKatedrála svatého Václava (Olomouc, Czech Republic)$1http://www.wikidata.org/entity/Q2268666$927326
=648  \0$a17th Century (1601-1700)$1http://www.wikidata.org/entity/Q7016$920923
=648  \0$a18th Century (1701-1800)$1http://www.wikidata.org/entity/Q7015$920899
=650  \0$aMusic history$1http://www.wikidata.org/entity/Q846047$921373
=650  \0$aChurch music$1http://www.wikidata.org/entity/Q8812109$92283
=650  \0$aCatholicism$1http://www.wikidata.org/entity/Q1841$921631
=651  \0$aOlomouc (Czech Republic)$1http://www.wikidata.org/entity/Q81137$927325
=942  \\$cBOO
=952  \\$00$10$2ddc$40$6TOP_CZ_OLO_5_000000000000000$70$8TOP$911055$aORPH$bORPH$cKTS0$d2020-07-08$eKoopman$i44F02$l0$oTOP CZ.OLO 5$p20126842$r2021-01-12 00:00:00$w2021-01-12$yBOO$OKoopman
=999  \\$d11068

