=LDR  00365    a2200121   4500
=001  11069
=020  \\$a0576281573
=100  \\$aSeibel, G. A.$914019
=245  \\$aDas Leben des Königl. Polnischen
=260  \\$c1913
=942  \\$cBOO
=952  \\$00$10$40$70$8BIO$911056$aORPH$bORPH$cKTS1_P$d2020-07-08$eKoopman$p20123094$r2021-01-12 00:00:00$w2021-01-12$yBOO$OKoopman
=999  \\$c11069$d11069

