=LDR  00863    a2200169   4500
=001  11070
=008  230310r18431962nl\h||||\||||\00|\0\ger\d
=041  \\$ager
=100  \\$aSeidel, Johann Julius$d1810-1856$4aut$1http://www.wikidata.org/entity/Q4184263$97858
=245  \\$aOrgel und ihr Bau. Ein systematisches Handbuch für Kantoren, Organisten, Schullehrer, Musikstudirende. So wie für Geistliche, Kirchenvorsteher und alle Freunde der Orgel und des Orgelspiels
=260  \\$c1962$aAmsterdam$bFrits Knuf
=300  \\$a210 pages
=650  \0$aOrgan$1http://www.wikidata.org/entity/Q1444$92810
=650  \0$aOrganology$1http://www.wikidata.org/entity/Q899293$921400
=942  \\$cBOO
=952  \\$00$10$2ddc$40$6INS_3_000000000000000_1A$70$8INS$911057$aORPH$bORPH$cKTS0$d2020-07-08$eKoopman$i24B42$l0$oINS3.1a$p20128793$r2021-01-12 00:00:00$w2021-01-12$yBOO$OKoopman
=999  \\$d11070

