=LDR  01342aam a2200241   4500
=001  11071
=008  250506s1980\\\\|||o||||\||||\00|\0\ger\d
=100  \\$aSeifert, Hans$940164$4aut
=245  \\$aDas Chorgestühl im Ulmer Münster
=260  \\$aKönigstein im Taunus$bLangewiesche$cs.d.
=300  \\$a48 pages
=500  \\$ahe choir stalls in the cathedral date back to 1469-1474 and are the work of Jörg Syrlin, while the life-size busts and figures were created by Michel Erhart. Sibyls, philosophers, biblical figures and saints are depicted on one male and one female side.
=610  \0$aUlm Münster$1http://www.wikidata.org/entity/Q44562$940168
=648  \0$a15th Century (1401-1500)$1http://www.wikidata.org/entity/Q7018$921015
=650  \0$aChurch$1http://www.wikidata.org/entity/Q16970$93776
=650  \0$aFine art$1http://www.wikidata.org/entity/Q219625$921579
=650  \0$aApplied arts$1http://www.wikidata.org/entity/Q2865882$921627
=650  \0$aInterior design$1http://www.wikidata.org/entity/Q179232$921367
=651  \0$aUlm (Germany)$1http://www.wikidata.org/entity/Q3012$924079
=700  \\$aMüller-Cassel, Erich$4pht$940166
=942  \\$cBOO
=952  \\$00$10$2ddc$40$6TOP_DE_ULM$70$8TOP$911058$aORPH$bORPH$cKTS0$d2020-07-08$eKoopman$i18D13$l0$oTOP DE.ULM$p20125060$r2021-01-12 00:00:00$w2021-01-12$yBOO$OKoopman
=999  \\$d11071

