=LDR  01306aam a2200277   4500
=001  11073
=008  211026s1899\\\\nl\g||||\||||\00|\0\dut\d
=041  \\$adut
=245  \\$aGeschiedenis der klaviermuziek:$bGeschiedenis van het klavierspel en der klavierliteratuur
=260  \\$aThe Hague$bVan Eck$c1899
=300  \\$a490 pages
=336  \\$aprinted
=561  \\$aEx Libris Ton Koopman
=648  \0$a16th Century (1501-1600)$1http://www.wikidata.org/entity/Q7017$920944
=648  \0$a17th Century (1601-1700)$1http://www.wikidata.org/entity/Q7016$920923
=648  \0$a18th Century (1701-1800)$1http://www.wikidata.org/entity/Q7015$920899
=650  \0$aKeyboard instrument$1http://www.wikidata.org/entity/Q52954$92849
=650  \0$aKeyboard music$1http://www.wikidata.org/entity/Q105715630$921412
=650  \0$aHarpsichord$1http://www.wikidata.org/entity/Q81982$92125
=650  \0$aPiano$1http://www.wikidata.org/entity/Q5994$92127
=651  \0$aEurope$1http://www.wikidata.org/entity/Q46$991
=700  \\$aSeiffert, Max$d1868-1948$1http://www.wikidata.org/entity/Q74307$4aut$96471
=700  \\$aWeitzmann, C. F.$4aut$940383
=942  \\$cBOO
=952  \\$00$10$2ddc$40$6INS_3A$70$8INS$911060$aORPH$bORPH$cKTS0$d2020-07-08$eKoopman$i21B11$oINS3a$p20128370$r2021-01-12 00:00:00$w2021-01-12$yBOO
=999  \\$d11073

