=LDR  01317aam a2200229   4500
=001  11074
=005  20251003085458.0
=008  250210s1916\\\\||||||||\c|||\00|\0dger\d
=041  \\$ager
=100  \\$aSeiffert, Max$d1868-1948$1http://www.wikidata.org/entity/Q74307$96471$4aut
=245  \\$aJohann Philipp Krieger.$bVerzeichnis der von ihm 1682-1725 in Weißenfels ausgeführten, sowie sonst in Bibliotheken handschriftlich erhalteten eigenen Kirchenstücke
=246  \1$aKrieger Werkenverzeichnis
=260  \\$aLeipzig$bBreitkopf & Härtel$c1916
=600  \0$aKrieger, Johann Philipp$d1649-1725$1http://www.wikidata.org/entity/Q524087$912185
=648  \0$a17th Century (1601-1700)$1http://www.wikidata.org/entity/Q7016$920923
=648  \0$a18th Century (1701-1800)$1http://www.wikidata.org/entity/Q7015$920899
=650  \0$aChurch music$1http://www.wikidata.org/entity/Q8812109$1http://www.wikidata.org/entity/Q1065742$92283
=650  \0$aCatalogue$1http://www.wikidata.org/entity/Q2352616$1http://www.wikidata.org/entity/Q6941730$921484
=651  \0$aWeißenfels (Germany)$1http://www.wikidata.org/entity/Q14815$921604
=942  \\$cBOO
=952  \\$00$10$2ddc$40$6BIO_KRIE_C$70$8BIO$911061$aORPH$bORPH$cKTS1_P$d2020-07-08$eKoopman$i29C13$l0$oBIO KRIE c$p20123471$r2021-01-12 00:00:00$w2021-01-12$yBOO$OKoopman
=999  \\$d11074

