=LDR  00718    a2200181   4500
=001  11076
=008  220920s1962\\\\nl\f||||\||||\00|\0\dut\d
=041  \\$adut
=100  \\$aSeijbel, Maarten$4aut$916973
=245  \\$aOrgels op de Veluwe
=260  \\$c1962$aElburg
=300  \\$a64 pages
=650  \0$aOrgan$1http://www.wikidata.org/entity/Q1444$92810
=650  \0$aOrganology$1http://www.wikidata.org/entity/Q899293$921400
=651  \0$aVeluwe (Netherlands)$1http://www.wikidata.org/entity/Q2277412$924989
=942  \\$cBOO
=952  \\$00$10$2ddc$40$6INS_3_000000000000000_1A_NL_VEL$70$8INS$911063$aORPH$bORPH$cKTS0$d2020-07-08$eKoopman$i22F29$l0$oINS3.1a NL.VEL$p20128827$r2021-01-12 00:00:00$w2021-01-12$yBOO$OKoopman
=999  \\$d11076

