=LDR  00721    a2200181   4500
=001  11077
=008  220920s1962\\\\nl\f||||\||||\00|\0\dut\d
=041  \\$adut
=100  \\$aSeijbel, Maarten$4edt$916973
=245  \\$aOrgels in Overijssel
=260  \\$c1965$aZaandam
=300  \\$a142 pages
=650  \0$aOrgan$1http://www.wikidata.org/entity/Q1444$92810
=650  \0$aOrganology$1http://www.wikidata.org/entity/Q899293$921400
=651  \0$aOverijssel (Netherlands)$1http://www.wikidata.org/entity/Q773$924991
=942  \\$cBOO
=952  \\$00$10$2ddc$40$6INS_3_000000000000000_1A_NL_OVE$70$8INS$911064$aORPH$bORPH$cKTS0$d2020-07-08$eKoopman$i24B55$l0$oINS3.1a NL.OVE$p20128782$r2021-01-12 00:00:00$w2021-01-12$yBOO$OKoopman
=999  \\$d11077

