=LDR  00886aam a2200205   4500
=001  11081
=008  240212s1998\\\\|||a||||\c|||\00|\0\ger\d
=020  \\$a9783775707800
=041  \\$ager
=100  \\$aSeipel, Wilfried$4edt$914025
=245  \\$aSpielwelten der Kunst:$bKunstkammerspiele
=260  \\$aMilan$bSkira$aVienna$bKunsthistorisches Museum$c1998
=300  \\$a278 pages$billustrations (color)
=504  \\$aIncludes a Literaturverzeichnus
=648  \0$a16th Century (1501-1600)$1http://www.wikidata.org/entity/Q7017$920944
=648  \0$a17th Century (1601-1700)$1http://www.wikidata.org/entity/Q7016$920923
=650  \0$aFine art$1http://www.wikidata.org/entity/Q219625$921579
=942  \\$cBOO
=952  \\$00$10$2ddc$40$6VIS_SEIP$70$8VIS$911068$aORPH$bORPH$cKTS1_H$d2020-07-08$eKoopman$i21G11$l1$oVIS SEIP$p20125544$r2024-02-26 00:00:00$s2024-01-10$w2021-01-12$yBOO$OKoopman
=999  \\$d11081

