=LDR  01386aam a2200253   4500
=001  11082
=005  20251003085458.0
=008  210818s2005\\\\\\\a||||\c|||\00|\0\eng\d
=020  \\$a0910672571
=041  \\$aeng
=100  \\$aSelch, Frederick R.$d1930-2002$4col$914026
=245  \\$aThe Legacy of Sebastian Virdung:$bAn Illustrated Catalogue of Rare Books from the Frederick R. Selch Collection Pertaining to the History of Musical Instruments
=260  \\$aNew York$bGrolier Club$c2005
=300  \\$ax-230 pages
=500  \\$aFrederick R. Selch was a "broadcasting and advertising executive and magazine publisher who owned one of the largest private collections of antique American musical instruments" (necrology, Chicago Tribune, 30 August 2002)
=534  \\$aHandwritten dedication by Deborah [illegible] to Ton Koopman, 7 May 2011
=610  \0$aOberlin Conservatory of Music (OH, USA)$1http://www.wikidata.org/entity/Q750950$923102
=650  \0$aOrganology$1http://www.wikidata.org/entity/Q899293$921400
=650  \0$aLibrary$1http://www.wikidata.org/entity/Q7075$94229
=650  \0$aCatalogue$1http://www.wikidata.org/entity/Q2352616$921484
=700  \\$4aut$aButler, H. Reynolds$922049
=942  \\$cBOO
=952  \\$00$10$2ddc$40$6INS_1B_US_OBE$70$8INS$911069$aORPH$bORPH$cKTS0$d2020-07-08$eKoopman$i41C03$oINS1b US.OBE$p20122182$r2021-01-12 00:00:00$w2021-01-12$yBOO
=999  \\$d11082

