=LDR  01002cam a22002534a 4500
=001  11083
=005  20250120120510.0
=008  060608s2006\\\\ne\a\\\\\b\\\\001\0\dut\\
=020  \\$a9043509264
=040  \\$aOI
=041  \\$adut
=245  00$aHandboek Nederlandse kerkgeschiedenis
=260  \\$aKampen$bKok$c2006
=300  \\$axxii-950 pages$billustrations$c25 cm
=504  \\$aIncludes bibliographical references and indexes.
=648  \0$aPast$1http://www.wikidata.org/entity/Q192630$922196
=650  \0$aReligion$1http://www.wikidata.org/entity/Q9174$93062
=650  \0$aCuckoo$1http://www.wikidata.org/entity/Q18845$922474
=650  \0$aChurch$1http://www.wikidata.org/entity/Q16970$93776
=651  \0$aNetherlands$1http://www.wikidata.org/entity/Q55$9173
=700  \\$aSelderhuis, H. J.$d-1961$4edt$925383
=942  \\$cBOO
=952  \\$00$10$2ddc$40$6TOP_NL$70$8TOP$911070$aORPH$bORPH$cKTS0$d2020-07-08$eKoopman$i30D05$l0$oTOP NL$p20121204$r2021-01-12 00:00:00$w2021-01-12$yBOO$OKoopman
=999  \\$d11083

