=LDR  01328cam a2200301 a 4500
=001  11084
=005  20250121142127.0
=008  940310s1994\\\\nyua\\\\\b\\\\001\0\eng\\
=020  \\$a0486281515
=040  \\$aOI
=041  \\$aeng
=100  \\$aSelfridge-Field, Eleanor$4aut$914027
=245  10$aVenetian Instrumental Music from Gabrieli to Vivaldi
=250  \\$a3rd rev. ed.
=260  \\$aNew York$bDover$c1994
=300  \\$axxvi-411 pages$bill. ;$c22 cm.
=504  \\$aIncludes bibliographical references (p. [356]-385) and indexes.
=534  \\$aOriginally published in 1975, see 19B37
=561  \\$aAutograph dedication by the author
=648  \0$a16th Century (1501-1600)$1http://www.wikidata.org/entity/Q7017$920944
=648  \0$a17th Century (1601-1700)$1http://www.wikidata.org/entity/Q7016$920923
=648  \0$a18th Century (1701-1800)$1http://www.wikidata.org/entity/Q7015$920899
=650  \0$aMusic history$1http://www.wikidata.org/entity/Q846047$921373
=650  \0$aInstrumental music$1http://www.wikidata.org/entity/Q639197$92106
=651  \0$aVenice (Italy)$1http://www.wikidata.org/entity/Q641$91
=942  \\$cBOO
=952  \\$00$10$2ddc$40$6TOP_IT_VEN1_4_000000000000000$70$8TOP$911071$aORPH$bORPH$cKTS0$d2020-07-08$eKoopman$i19B02$oTOP IT.VEN1 4$p20125118$r2021-01-12 00:00:00$w2021-01-12$yBOO
=999  \\$d11084

