=LDR  01222cam a2200277 i 4500
=001  11085
=005  20250121142127.0
=008  760407s1975\\\\enkabfg\\b\\\\001\0\eng\\
=020  \\$a063115440X :
=040  \\$aOI
=041  \\$aeng
=100  \\$aSelfridge-Field, Eleanor$4aut$914027
=245  10$aVenetian Instrumental Music from Gabrieli to Vivaldi
=260  \\$aOxford$bBlackwell$c1975
=300  \\$axxv-351 pages$bill., facsims., map, music ;$c24 cm.
=490  0\$aBlackwell's Music Series
=504  \\$aBibliography: p. [316]-332.
=648  \0$a16th Century (1501-1600)$1http://www.wikidata.org/entity/Q7017$920944
=648  \0$a17th Century (1601-1700)$1http://www.wikidata.org/entity/Q7016$920923
=648  \0$a18th Century (1701-1800)$1http://www.wikidata.org/entity/Q7015$920899
=650  \0$aMusic history$1http://www.wikidata.org/entity/Q846047$921373
=650  \0$aInstrumental music$1http://www.wikidata.org/entity/Q639197$92106
=651  \0$aVenice (Italy)$1http://www.wikidata.org/entity/Q641$91
=942  \\$cBOO
=952  \\$00$10$2ddc$40$6TOP_IT_VEN1_4_000000000000000$70$8TOP$911072$aORPH$bORPH$cKTS0$d2020-07-08$eKoopman$i19B37$oTOP IT.VEN1 4$p20125083$r2021-01-12 00:00:00$w2021-01-12$yBOO
=999  \\$d11085

