=LDR  01140pam a2200217 a 4500
=001  11087
=005  20250120120331.0
=008  891030s1990\\\\enkaf\\\\b\\\\001\0\eng\\
=020  \\$a0193161265
=040  \\$aOI
=100  \\$aSelfridge-Field, Eleanor$914027
=245  14$aThe music of Benedetto and Alessandro Marcello :$ba thematic catalogue with commentary on the composers, repertory, and sources /$cEleanor Selfridge-Field.
=260  \\$aOxford :$bClarendon Press ;$aNew York :$bOxford University Press,$c1990.
=300  \\$axvii, 517 p., [8] p. of plates :$bill. ;$c24 cm.
=504  \\$aIncludes bibliographical references (p. [449]-461) and indexes.
=600  \0$aMarcello, Benedetto$d1686-1739$1http://www.wikidata.org/entity/Q312784$95459
=600  \0$aMarcello, Alessandro$d1669-1747$1http://www.wikidata.org/entity/Q336137$914030
=856  \\$uhttp://www.loc.gov/catdir/enhancements/fy0635/89026495-d.html$3Publisher description
=942  \\$cBOO
=952  \\$00$10$2ddc$40$6BIO_MARC_C$70$8BIO$911074$aORPH$bORPH$cKTS1_P$d2020-07-08$eKoopman$i22A20$l0$oBIO MARC c$p20125613$r2021-01-12 00:00:00$w2021-01-12$yBOO$OKoopman
=999  \\$c11087$d11087

