=LDR  02359aam a2200253   4500
=001  11092
=008  220519i19351943|||ghf||\||||\001\0dger\d
=041  \\$ager
=100  \\$aSerauky, Walter$d1903-1959$4aut$1http://www.wikidata.org/entity/Q20734136$914036
=245  \\$aMusikgeschichte der Stadt Halle
=260  \\$aHalle (Saale)$bBuchhandlung des Waisenhauses$c1935; 1939; 1940; 1943
=300  \\$a5 vols. (vii-364+xvi-585+xii-651+xi-90+xii-112 pages)
=490  \\$aBeiträge zur Musikforschung$v1; 6-9
=505  \\$gErster Band: Von den Anfänger bis zum Beginn des 17. Jahrhunderts -- Zweiter Band, erster Halbband: Von Samuel Scheidt bis in die Zeit Georg Friedrich Händels und Johann Sebastian Bachs -- Zweiter Band, zweiter Halbband:Von Wilhelm Freidemann Bach bis Robert Franz -- Musikbeilagen und Abhandlungen zum zweiten Band ersterTeil -- Musikbeilagen zum zweiten Band zweiter Teil
=561  \\$aHandwritten dedication by Walter Serauky to his aunt Helene and her parents-in-law
=650  \0$aMusic history$1http://www.wikidata.org/entity/Q846047$921373
=651  \0$aHalle (Saale, Germany)$1http://www.wikidata.org/entity/Q2814$921799
=942  \\$cBOO
=952  \\$00$10$2ddc$3Erster Band: Von den Anfängen bis zum des 17. Jahrhunderts$40$6TOP_DE_HAL1$70$8TOP$911079$aORPH$bORPH$cKTS0$d2020-07-08$eKoopman$i23B33$oTOP DE.HAL1$p20128526$r2021-01-12 00:00:00$w2021-01-12$yBOO
=952  \\$00$10$2ddc$3Zweiter Band (erster Halbband): Von Samuel Scheidt bis in die Zeit Georg Friedrich Händels und Johann Sebastian Bachs$40$6TOP_DE_HAL1$70$8TOP$911080$aORPH$bORPH$cKTS0$d2020-07-08$eKoopman$i23B33$oTOP DE.HAL1$p20128525$r2021-01-12 00:00:00$w2021-01-12$yBOO
=952  \\$00$10$2ddc$3Zweiter Band (zweiter Halbband): Von Wilhelm Friedemann Bach bis Robert Franz$40$6TOP_DE_HAL1$70$8TOP$911081$aORPH$bORPH$cKTS0$d2020-07-08$eKoopman$i23B33$oTOP DE.HAL1$p20128524$r2021-01-12 00:00:00$w2021-01-12$yBOO
=952  \\$00$10$2ddc$3Musikbeilagen und Abhandlungen zm Zweiten Band, erster Halbband$40$6TOP_DE_HAL1$70$8TOP$911082$aORPH$bORPH$cKTS0$d2020-07-08$eKoopman$i23B33$oTOP DE.HAL1$p20128523$r2021-01-12 00:00:00$w2021-01-12$yBOO
=952  \\$00$10$2ddc$3Musikbeilagen zum Zweiten Band, zweiter Halbband$40$6TOP_DE_HAL1$70$8TOP$911083$aORPH$bORPH$cKTS0$d2020-07-08$eKoopman$i23B33$oTOP DE.HAL1$p20128522$r2021-01-12 00:00:00$w2021-01-12$yBOO
=999  \\$d11092

