=LDR  01534cam a2200313 a 4500
=001  11097
=005  20250925143259.0
=008  121217s2012\\\\fr\a\\\g\bkd\\001\0dfre\d
=041  \\$afre
=100  \\$aSerna, Pierre-René$4aut$914037
=245  13$aLa zarzuela de Z à A
=246  14$aGuide de la zarzuela
=260  \\$aParis$bBleu nuit$c2012
=300  \\$a336 pages
=500  \\$aTitle page contains autograph dedication and list "à lire en particulier" to Ton Koopman
=504  \\$aIncludes bibliographical references, discography (p. 310-317) and indexes.
=648  \0$a17th Century (1601-1700)$1http://www.wikidata.org/entity/Q7016$920923
=648  \0$a18th Century (1701-1800)$1http://www.wikidata.org/entity/Q7015$920899
=648  \0$a19th Century (1801-1900)$1http://www.wikidata.org/entity/Q6955$920935
=648  \0$a20th Century (1901-2000)$1http://www.wikidata.org/entity/Q6927$920936
=650  \0$aDictionary$1http://www.wikidata.org/entity/Q23622$921580
=650  \0$aZarzuela$1http://www.wikidata.org/entity/Q148163$93170
=650  \0$aOpera$1http://www.wikidata.org/entity/Q1344 $92468
=650  \0$aMusic history$1http://www.wikidata.org/entity/Q846047$921373
=650  \0$aMusic theater$1http://www.wikidata.org/entity/Q96394452$92065
=651  \0$aSpain$1http://www.wikidata.org/entity/Q29$920983
=942  \\$cBOO
=952  \\$00$10$2ddc$40$6TOP_ES_0_000000000000000$70$8TOP$911084$aORPH$bORPH$cKTS0$d2020-07-08$eKoopman$i46C15$l0$oTOP ES 0$p20127648$r2021-01-12 00:00:00$w2021-01-12$yBOO$OKoopman
=999  \\$d11097

