=LDR  01070aam a2200217   4500
=001  11100
=008  250429s1974\\\\||||||||\m|||\00|\0\eng\d
=041  \\$aeng
=100  \\$aSevier, Z. V. D.$914040$4aut
=245  \\$aThe Theoretical Works and Music of Johann Georg Ahle (1651-1706)
=260  \\$aAnn Arbor, MI$bXerox University Microfilms$c1974
=500  \\$aPhD dissertation, University of North Carolina at Chapel Hill
=600  \0$aAhle, Johann Georg$d1651-1706$1http://www.wikidata.org/entity/Q523499$921489
=648  \0$a17th Century (1601-1700)$1http://www.wikidata.org/entity/Q7016$920923
=650  \0$aMusic theory$1http://www.wikidata.org/entity/Q193544$92662
=650  \0$aComposer$1http://www.wikidata.org/entity/Q36834$93625
=650  \0$aProtestantism$1http://www.wikidata.org/entity/Q23540$921012
=651  \0$aGermany$1http://www.wikidata.org/entity/Q183$9155
=942  \\$cBOO
=952  \\$00$10$2ddc$40$6BIO_AHLE_D$70$8BIO$911087$aORPH$bORPH$cKTS1_P$d2020-07-08$eKoopman$i46G32$l0$oBIO AHLE d$p20126979$r2021-01-12 00:00:00$w2021-01-12$yBOO$OKoopman
=999  \\$d11100

