=LDR  01118cam a2200253 a 4500
=001  11101
=005  20250120115943.0
=008  020902s2001\\\\it\a\\\\\b\\\\010\0\mul\\
=020  \\$a8855526138
=040  \\$aOI
=041  0\$aeng$afre$ager$aita
=100  \\$4dte$aTagliavini, Luigi Ferdinando$d1929-2017$1http://www.wikidata.org/entity/Q327719$914041
=245  00$aFiori musicologici.$bStudi in onore di Luigi Ferdinando Tagliavini nella ricorrenza del suo LXX compleanno
=260  \\$aBologna$bPàtron$c2001
=300  \\$a642 pages$bill. ;$c25 cm.
=504  \\$aIncludes bibliographical references.
=590  \\$araccolti da François Seydoux ; con la collaborazione di Giuliano Castellani e Axel Leuthold
=650  \0$aMusic history$1http://www.wikidata.org/entity/Q846047$921373
=700  \\$aSeydoux, François$4edt$919458
=700  \\$aCastellani, Giuliano$4edt$914043
=700  \\$aLeuthold, Axel$4edt$914044
=942  \\$cBOO
=952  \\$00$10$2ddc$40$6REF_4_000000000000000_TAGL$70$8REF$911088$aORPH$bORPH$cKM12_1$d2020-07-08$eKoopman$i33F05$oREF4 TAGL$p20120912$r2021-01-12 00:00:00$w2021-01-12$yBOO
=999  \\$d11101

