=LDR  01116aam a2200217   4500
=001  11103
=008  250210s1956\\\\|||a||||\||||\00|\0dita\d
=041  \\$aita
=100  \\$aSgarbi, V.$914046$4aut
=245  \\$aPietro Longhi, i dipinti di Palazzo Leoni Montanari.$bDalle collezioni del Banco Ambrosiano Veneto
=260  \\$aVenice$bBanco Ambrosiano Veneto$c1956
=600  \0$aLonghi, Pietro$d1701-1785$1http://www.wikidata.org/entity/Q447058$924182
=610  \0$aPalazzo Leoni Montanari (Vicenza, Italy)$1http://www.wikidata.org/entity/Q3757774$939671
=648  \0$a18th Century (1701-1800)$1http://www.wikidata.org/entity/Q7015$920899
=650  \0$aFine art$1http://www.wikidata.org/entity/Q219625$921579
=650  \0$aInterior design$1http://www.wikidata.org/entity/Q179232$921367
=650  \0$aPalace$1http://www.wikidata.org/entity/Q16560$92588
=651  \0$aVicenza (Italy)$1http://www.wikidata.org/entity/Q6537$922020
=942  \\$cBOO
=952  \\$00$10$2ddc$40$6BIO_LONG_E$70$8BIO$911090$aORPH$bORPH$cKTS1_P$d2020-07-08$eKoopman$i19A54$oBIO LONG e$p20125127$r2021-01-12 00:00:00$w2021-01-12$yBOO$OKoopman
=999  \\$d11103

