=LDR  00845aam a2200205   4500
=001  11104
=008  230608s1989\\\\||||||||\||||\00|\0\ger\d
=020  \\$a3881995625
=041  \\$ager
=100  \\$aSgorlon, C.$914047$4aut
=245  \\$aDie Fresken der Tiepolo in Venetien
=260  \\$as.l.$bAtlantis$c1989
=490  \\$aItalien klassische Reiseziele
=610  \0$1http://www.wikidata.org/entity/Q21446662$aTiepolo family$926296
=648  \0$1http://www.wikidata.org/entity/Q7015$a18th Century (1701-1800)$920899
=650  \0$1http://www.wikidata.org/entity/Q219625$aFine art$921579
=651  \0$1http://www.wikidata.org/entity/Q641$aVenice (Italy)$91
=942  \\$cBOO
=952  \\$00$10$2ddc$40$6BIO_TIEP1_E$70$8BIO$911091$aORPH$bORPH$cKTS1_P$d2020-07-08$eKoopman$i18C08$oBIO TIEP1 e$p20124999$r2021-01-12 00:00:00$w2021-01-12$yBOO$OKoopman
=999  \\$d11104

