=LDR  00430    a2200121   4500
=001  11105
=020  \\$a9789029537155
=100  \\$aShakespeare, William$d1564-1616$1http://www.wikidata.org/entity/Q692$97043
=245  \\$aDe sonnetten
=260  \\$c1997
=942  \\$cBOO
=952  \\$00$10$2ddc$40$6LIT_SHAK_A$70$8LIT$911092$aORPH$bORPH$cKM12_2_H$d2020-07-08$eKoopman$i25C07$oLIT SHAK a$p20129249$r2021-01-12 00:00:00$w2021-01-12$yBOO
=999  \\$c11105$d11105

