=LDR  00427    a2200121   4500
=001  11106
=020  \\$a9028414347
=100  \\$aShakespeare, William$d1564-1616$1http://www.wikidata.org/entity/Q692$97043
=245  \\$aTragedies I
=260  \\$c1979
=942  \\$cBOO
=952  \\$00$10$2ddc$40$6LIT_SHAK_A$70$8LIT$911093$aORPH$bORPH$cKM12_2_H$d2020-07-08$eKoopman$i40A14 $oLIT SHAK a$p20120348$r2021-01-12 00:00:00$w2021-01-12$yBOO
=999  \\$c11106$d11106

