=LDR  00381    a2200097   4500
=001  11108
=100  \\$aShakespeare, William$d1564-1616$1http://www.wikidata.org/entity/Q692$97043
=245  \\$aComplete works
=942  \\$cBOO
=952  \\$00$10$2ddc$40$6LIT_SHAK_A$70$8LIT$911095$aORPH$bORPH$cKM12_2_H$d2020-07-08$eKoopman$i40A15$oLIT SHAK a$p20120346$r2021-01-12 00:00:00$w2021-01-12$yBOO
=999  \\$c11108$d11108

