=LDR  01516cam a2200277 a 4500
=001  11111
=008  911105s1991\\\\-ukah\\\\b\\\\001\0ceng\\
=020  \\$a0198161751
=041  \\$aeng
=100  \\$aShaw, Watkins$d1911-1996$4aut$99686
=245  14$aThe succession of organists of the Chapel Royal and the cathedrals of England and Wales from c. 1538.$bAlso of the organists of the collegiate churches of Westminster and Windsor, certain academic choral foundations, and the cathedrals of Armagh and Dublin
=260  \\$aOxford$bClarendon$aNew York$bOxford University Press$c1991
=300  \\$axxx-445 pages$bill., facsims.$c25 cm
=336  \\$aprinted
=490  \\$aOxford Studies in British Church Music
=504  \\$aIncludes bibliographical references (p. [427]-433) and indexes.
=650  \0$aOrganist$1http://www.wikidata.org/entity/Q765778$94471
=650  \0$aChurch music$1http://www.wikidata.org/entity/Q8812109$92283
=650  \0$aBiography$1http://www.wikidata.org/entity/Q36279$91927
=651  \0$aWales (United Kingdrom)$1http://www.wikidata.org/entity/Q25$921707
=651  \0$aUnited Kingdom$1http://www.wikidata.org/entity/Q21$9273
=651  \0$aIreland$1http://www.wikidata.org/entity/Q27$9219
=856  \\$uhttp://www.loc.gov/catdir/enhancements/fy0639/91213159-d.html$3Publisher description
=942  \\$cBOO
=952  \\$00$10$2ddc$40$6INS_3_000000000000000_1A_GB$70$8INS$911098$aORPH$bORPH$cKTS0$d2020-07-08$eKoopman$i30B38$oINS3.1a GB$p20123388$r2021-01-12 00:00:00$w2021-01-12$yBOO
=999  \\$d11111

