=LDR  00816aam a2200193   4500
=001  11112
=008  221121s1982\\\\||||||||\||||\00|\0\eng\d
=020  \\$a0853600333
=041  \\$aeng
=100  \\$aShaw, W.$4aut$914051
=245  \\$aA Textual and Historical Companion to Handel's Messiah
=260  \\$aSevenoaks$bNovello$c1982
=648  \0$a18th Century (1701-1800)$1http://www.wikidata.org/entity/Q7015$920899
=650  \0$aOratorio$1http://www.wikidata.org/entity/Q85477$91825
=650  \0$aMusical analysis$1http://www.wikidata.org/entity/Q1544924$92775
=651  \0$aUnited Kingdom$1http://www.wikidata.org/entity/Q21$9273
=942  \\$cBOO
=952  \\$00$10$2ddc$40$6BIO_HAND_E$70$8BIO$911099$aORPH$bORPH$cKTS1_P$d2020-07-08$eKoopman$i35B23$oBIO HAND e$p20120760$r2021-01-12 00:00:00$w2021-01-12$yBOO$OKoopman
=999  \\$d11112

