=LDR  01187aam a2200241   4500
=001  11113
=008  250521s1929\\\\||||||||\||||\00|\0aeng\d
=041  \\$aeng$hita
=100  \\$aDa Ponte, Lorenzo$d1749-1838$1http://www.wikidata.org/entity/Q268166$96523$4aut
=245  \\$aMemoirs of Lorenzo da Ponte, Mozart's Librettist
=260  \\$aLondon$bRoutledge$c1929
=648  \0$a18th Century (1701-1800)$1http://www.wikidata.org/entity/Q7015$920899
=648  \0$a19th Century (1801-1900)$1http://www.wikidata.org/entity/Q6955$920935
=650  \0$aPoet$1http://www.wikidata.org/entity/Q49757$92954
=650  \0$aLibretto$1http://www.wikidata.org/entity/Q131084$94031
=651  \0$aItaly$1http://www.wikidata.org/entity/Q38$922
=651  \0$aVienna (Austria)$1http://www.wikidata.org/entity/Q1741$920937
=651  \0$aLondon (United Kingdom)$1http://www.wikidata.org/entity/Q84$9123
=651  \0$aUSA$1http://www.wikidata.org/entity/Q30$943
=700  \\$aSheppard, L. A.$4trl$914052
=942  \\$cBOO
=952  \\$00$10$2ddc$40$6BIO_PONT_A$70$8BIO$911100$aORPH$bORPH$cKTS1_P$d2020-07-08$eKoopman$i23G09$l1$oBIO PONT a$p20125779$r2025-05-20 12:42:07$s2025-05-14$w2021-01-12$yBOO$OKoopman
=999  \\$d11113

