=LDR  00712    a2200157   4500
=001  11114
=008  210826t1961\\\\\\\|||||\||||\00|\0\mul\d
=041  \\$aeng$ager$afre$aita
=245  \\$aMusic libraries and instruments.$bPapers read at the Joint Congress, Cambridge, 1959 of the International Association of Music Libraries and the Galpin Association
=260  \\$c1961$aLondon; New York$bHinrichsen
=300  \\$a300-xvi pages
=700  \\$4edt$aSherrington, Unity$d1928-2016$914053
=700  \\$4edt$aOldham, Guy$913050
=942  \\$cBOO
=952  \\$00$10$2ddc$40$6REF_3_000000000000000_SHER$70$8REF$911101$aORPH$bORPH$cKM12_1$d2020-07-08$eKoopman$i34A30$oREF3 SHER$p20122633$r2021-01-12 00:00:00$w2021-01-12$yBOO
=999  \\$d11114

