=LDR  01254aam a2200241   4500
=001  11115
=008  230329s1984\\\\||||||||\m|||\00|\0bger\d
=041  \\$ager
=100  1\$aShigihara, Susanne$d1953-$4aut$1http://www.wikidata.org/entity/Q112457695$914054
=245  \\$aBonifazio Graziani (1604/05-1664):$bBiographie, Werkverzeichnis und Untersuchungen zu den Solomotetten
=260  \\$aBonn$bRheinische Friedrich-Wilhelms-Universität$c1984
=300  \\$a722 pages
=500  \\$aBonifazio Graziani (1604/05-1664) was an Italian organist, composer and clergyman in the Baroque period.
=500  \\$aDoctoral dissertation
=600  \0$aGraziani, Bonifazio$d1605-1664$1http://www.wikidata.org/entity/Q892560$94976
=648  \0$a17th Century (1601-1700)$1http://www.wikidata.org/entity/Q7016$920923
=650  \0$aBiography$1http://www.wikidata.org/entity/Q36279$91927
=650  \0$aComposer$1http://www.wikidata.org/entity/Q36834$93625
=650  \0$aMotet$1http://www.wikidata.org/entity/Q188285$92028
=651  \0$aItaly$1http://www.wikidata.org/entity/Q38$922
=942  \\$cBOO
=952  \\$00$10$2ddc$40$6BIO_GRAZ_D$70$8BIO$911102$aORPH$bORPH$cKTS1_P$d2020-07-08$eKoopman$i32G06$oBIO GRAZ d$p20122824$r2021-01-12 00:00:00$w2021-01-12$yBOO$OKoopman
=999  \\$d11115

