=LDR  01542nam a22002175a 4500
=001  11118
=005  20251009144624.0
=008  891115s1988\\\\it\ao\\\\\\\\\000\0\ita\\
=020  \\$a8804312491
=040  \\$aOI
=041  \\$aita
=100  \\$aShimizu, Christine$914057$4aut
=245  10$aLacche giapponesi
=260  \\$aMilan$bMondadori$c1988
=300  \\$a301 pages
=520  \\$aA technique with thousands of years of history in Asia, the art of lacquer continues to exert the same fascination on Westerners, both for the secrets of its preparation and for the poetic lustre of the material. In Japan, it has undergone and continues to undergo unparalleled development, as it can be applied to all kinds of surfaces and therefore to everyday objects and luxury items. Christine Shimizu's account is both a fascinating story and a reference work. Alongside a presentation of the techniques and aesthetic evolution of the genre, the historian shows how the art of lacquerware has become a mirror of cultural and social transformations for an entire people. Shimizu's work therefore makes an essential contribution to international knowledge of this decorative tradition. (Translated with DeepL.com)
=650  \0$aApplied arts$1http://www.wikidata.org/entity/Q2865882$921627
=651  \0$aJapan$1http://www.wikidata.org/entity/Q17$921369
=942  \\$cBOO
=952  \\$00$10$2ddc$40$6TOP_JP_0_000000000000000$70$8TOP$911105$aORPH$bORPH$cKTS0$d2020-07-08$eKoopman$i19G39$l0$oTOP JP 0$p20125178$r2021-01-12 00:00:00$w2021-01-12$yBOO$OKoopman
=999  \\$d11118

