=LDR  00377    a2200109   4500
=001  11120
=100  \\$aSiebeck, R.$914060
=245  \\$aJohannes Schultz. Fürstlich Braun
=260  \\$c1913
=942  \\$cBOO
=952  \\$00$10$2ddc$40$6BIO_SCHU10_D$70$8BIO$911107$aORPH$bORPH$cKTS1_P$d2020-07-08$eKoopman$i22D01$oBIO SCHU10 d$p20128473$r2021-01-12 00:00:00$w2021-01-12$yBOO$OKoopman
=999  \\$c11120$d11120

