=LDR  00991cam a2200241 i 4500
=001  11122
=005  20250120120157.0
=008  790416s1977\\\\gw\g\\\\\b\\\\000\0bger\\
=015  \\$aGFR***
=020  \\$a3921138078
=040  \\$aOI
=100  \\$aSiedentopf, Henning$914062
=245  00$aJohann Jakob Froberger :$bLeben und Werk /$cHenning Siedentopf.
=260  \\$aStuttgart :$bStuttgarter Verlagskontor,$cc1977.
=300  \\$a85 p. :$bmusic ;$c22 cm.
=504  \\$aBibliography: p. 84-85.
=600  \0$aFroberger, Johann Jacob$d1616-1667$1http://www.wikidata.org/entity/Q60724$914063
=650  \0$aComposer$1http://www.wikidata.org/entity/Q36834$93625
=942  \\$cBOO
=952  \\$00$10$2ddc$40$6BIO_FROB2_D$70$8BIO$911109$aORPH$bORPH$cKTS1_P$d2020-07-08$eKoopman$i43B34$oBIO FROB2 d$p20127218$r2021-01-12 00:00:00$w2021-01-12$yBOO$OKoopman
=999  \\$c11122$d11122
=651  \0$aGermany$1http://www.wikidata.org/entity/Q183$9155
=650  \0$aBiography$1http://www.wikidata.org/entity/Q36279$91927

