=LDR  00926    a2200205   4500
=001  11124
=008  230627s1996\\\\nl\ag|||\||||\00|\0\dut\d
=041  \\$adut
=100  \\$aSiemons, Jan H.$914065$4aut
=245  \\$aHet gebruik van secundaire registers in klavecimbelmuziek voor 1760
=260  \\$c1996$aBilthoven$bUniversiteit Utrecht
=300  \\$a96 pages
=648  \0$1http://www.wikidata.org/entity/Q7015$a18th Century (1701-1800)$920899
=650  \0$1http://www.wikidata.org/entity/Q899293$aOrganology$921400
=650  \0$1http://www.wikidata.org/entity/Q191823$aClavichord$92126
=650  \0$1http://www.wikidata.org/entity/Q81982$aHarpsichord$92125
=651  \0$1http://www.wikidata.org/entity/Q55$aNetherlands$9173
=942  \\$cBOO
=952  \\$00$10$2ddc$40$6INS_3_000000000000000_2D$70$8INS$911111$aORPH$bORPH$cKTS0$d2020-07-08$eKoopman$i21A39$l0$oINS3.2d$p20128303$r2021-01-12 00:00:00$w2021-01-12$yBOO$OKoopman
=999  \\$d11124

