=LDR  00841aam a2200169   4500
=001  11127
=008  240423s1961\\\\|||foa||\br||\00|\0dger\d
=041  \\$ager
=100  \\$aSievers, Heinrich$d1908-1999$4aut$914068
=245  \\$aDie Musik in Hannover.$bDie musikalischen Strömungen in Niedersachsen vom Mittelalter bis zu Gegenwart unter besonderer Berücksichtigung der Musikgeschichte der Landeshauptstadt Hannover.
=260  \\$aHannover$bSponholtz$c1961
=300  \\$a168 pages
=650  \0$aMusic history$1http://www.wikidata.org/entity/Q846047$921373
=651  \0$aHannover (Germany)$1http://www.wikidata.org/entity/Q1715$923171
=942  \\$cBOO
=952  \\$00$10$2ddc$40$6TOP_DE_HAN_0_000000000000000$70$8TOP$911114$aORPH$bORPH$cKTS0$d2020-07-08$eKoopman$i19A56$l0$oTOP DE.HAN 0$p20125125$r2021-01-12 00:00:00$w2021-01-12$yBOO$OKoopman
=999  \\$d11127

