=LDR  02960aam a2200313   4500
=001  11128
=008  210420s1970\\\\\\\ah|||\||||\00|\0dger\d
=041  \\$ager
=100  \\$aSievers, Heinrich$d1908-1999$1http://www.wikidata.org/entity/Q50282236$4edt$914068
=245  \\$aMusica curiosa:$bNeu eröffnetes musikalisch-historisches Rarietäten Cabinet
=250  \\$a1st ed.
=260  \\$aTutzing$bSchneider$c1970
=300  \\$a176 pages$billustrations, facsimiles
=500  \\$a"Gedruckt als Jahresgabe für Freunde des Musikantiquariats Hans Schneider. Diese Auflage erscheint nicht im Handel."
=500  \\$aAn anthology of anecdotal excerpts from music periodicals, organized around themes: 'Musik und Politik', 'Ausgesprochene Bosheiten', 'Komische Künstler', 'Sünden wider den Heiligen Geist in der Musik', 'Von den Musikanten', 'Irrwege des Volksliedes', 'Kuriose Erfindungen', 'Von Komponisten und ihren Eigenarten', 'Elektroakustische Experimente', 'Und dann die Herren Rezensenten', 'Stundengeben-Musikunterricht', 'Musik und Medizin', 'Von Wissenschaftlern und solchen, die es waren...'
=520  \\$aHeinrich Sievers (1908-1999) was a German musicologist, music critic, university lecturer, and conductor. He was regarded as an authority on the history of music in Hanover and Lower Saxony, and wrote music-historical monographs in English and Finnish publications.
=590  \\$aworin nicht nur einem würcklichem galant-homme / der eben kein Professions-Verwandter / sondern auch manchem Musico selbst die alleraufrichtigste und deutlichste Vorstellung musicalischer Scharteken / wie sich dieselben vom Schulstaub tüchtig gesäubert / eigentlich und wahrhafftig verhalten / ertheilet; auch ein blühend wohlriechend Würtzgärtlein Historiae Musicae / mit Ehr- und Lehr- / Schertz- und Schmertz- / Leid- und Freuden-Gewächsen / welche zu unterschiedlichen Zeiten gepflantzet / nunmehr aber allen vernünfftigen Liebhabern zu sonderbarem Gefallen zu hauffe gesamlet und in die offenbahre Welt ausgestreuet / von A. A. H. H. Sievers, Dr phil in rebus musicis, Historiae Musicae Praeceptor
=650  \0$aMusic history$1http://www.wikidata.org/entity/Q846047$921373
=650  \0$aPolitics$1http://www.wikidata.org/entity/Q7163$921826
=650  \0$aMusic criticism$1http://www.wikidata.org/entity/Q11748889$921598
=650  \0$aSatire$1http://www.wikidata.org/entity/Q128758$921636
=650  \0$aFolk music$1http://www.wikidata.org/entity/Q43343$921594
=650  \0$aInstrumentalist$1http://www.wikidata.org/entity/Q1278335$921706
=650  \0$aComposer$1http://www.wikidata.org/entity/Q36834$93625
=650  \0$aElectronic music$1http://www.wikidata.org/entity/Q9778$922014
=650  \0$aMedicine$1http://www.wikidata.org/entity/Q11190$921959
=942  \\$cBOO
=952  \\$00$10$2ddc$40$6GHM_0_000000000000000$70$8GHM$911115$aORPH$bORPH$cKM12_1$d2020-07-08$eKoopman$i22F04$l0$oGHM0$p20128858$r2024-04-23 00:00:00$w2021-01-12$yBOO
=999  \\$d11128

