=LDR  00717    a2200169   4500
=001  11129
=008  210315b\\\\\\\\be\|||||\||||\00|\0\eng\d
=020  \\$a3925725288
=041  \\$ager
=110  \\$4edt$aSchiller-Institut$eEditor$920968
=245  \\$aHandbuch der Grundlagen von Stimmen und Register.$bBand 1. Einführung, die Singstimme
=260  \\$c1996$aWiesbaden$bDr. Böttiger
=300  \\$a260 pages
=500  \\$aThe American original edition was published in 1991 on the occasion of Mozart's 200 year death.
=942  \\$cBOO
=952  \\$00$10$2ddc$40$6MTP_1_000000000000000_SCHI$70$8MTP$911116$aORPH$bORPH$cKM12_1$d2020-07-08$eKoopman$i21F18$l0$oMTP1 SCHI$p20125493$r2021-01-12 00:00:00$w2021-01-12$yBOO
=999  \\$c11129$d11129

