=LDR  00849aam a2200181   4500
=001  11131
=008  240219s1982\\\\|||a||||\||||\00|\0\ita\d
=041  \\$aita
=100  \\$aSignoretti, A.$914071$4aut
=245  \\$aIl Teatro di Antonio Bibiena in Mantova e il palazzo accademico
=260  \\$aMantua$bEnte Manifestazioni Mantova$c1982
=648  \0$a18th Century (1701-1800)$1http://www.wikidata.org/entity/Q7015$920899
=650  \0$aTheater history$1http://www.wikidata.org/entity/Q1061140$94607
=650  \0$aArchitecture$1http://www.wikidata.org/entity/Q12271$93185
=651  \0$aMantua (Italy)$1http://www.wikidata.org/entity/Q6247$921593
=942  \\$cBOO
=952  \\$00$10$2ddc$40$6TOP_IT_MAN_5_000000000000000$70$8TOP$911118$aORPH$bORPH$cKTS0$d2020-07-08$eKoopman$i24C21$l0$oTOP IT.MAN 5$p20129037$r2021-01-12 00:00:00$w2021-01-12$yBOO$OKoopman
=999  \\$d11131

