=LDR  01057aam a2200205   4500
=001  11132
=008  220126s1946\\\\||||||||\||||\00|\0\dut\d
=041  \\$adut
=100  \\$aSigtenhorst Meyer, Bernhard van den$d1888-1953$4aut$1http://www.wikidata.org/entity/Q2062391$912741
=245  \\$aJan P. Sweelinck en zijn instrumentale muziek
=260  \\$aThe Hague$bServire$c1946
=590  \\$aMet een aantal verluchtingen en ruim 200 muziekvoorbeelden
=600  \0$aSweelinck, Jan Pieterszoon$d1562-1621$1http://www.wikidata.org/entity/Q110294$911454
=648  \0$a16th Century (1501-1600)$1http://www.wikidata.org/entity/Q7017$920944
=648  \0$a17th Century (1601-1700)$1http://www.wikidata.org/entity/Q7016$920923
=650  \0$aInstrumental music$1http://www.wikidata.org/entity/Q639197$92106
=651  \0$aAmsterdam (Netherlands)$1http://www.wikidata.org/entity/Q727$9135
=942  \\$cBOO
=952  \\$00$10$2ddc$40$6BIO_SWEE1_E$70$8BIO$911119$aORPH$bORPH$cKTS1_P$d2020-07-08$eKoopman$i33C04-1$oBIO SWEE1 e$p20123022$r2021-01-12 00:00:00$w2021-01-12$yBOO
=999  \\$d11132

