=LDR  01035cam a2200241 a 4500
=001  11134
=008  791129s1980\\\\-usg\\\\\bc\\\001\0\eng\\
=041  \\$aeng
=100  \\$aSilbiger, Alexander$d-1935$4aut$914073
=245  10$aItalian Manuscript Sources of 17th-Century Keyboard Music
=260  \\$aAnn Arbor, MI$bUMI Research Press$c1980
=300  \\$axxiv-219 pages
=490  \\$aStudies in Musicology$v18
=504  \\$aBibliography: p. [209]-214.
=561  \\$aEx Libris Ton Koopman
=648  \0$a17th Century (1601-1700)$1http://www.wikidata.org/entity/Q7016$920923
=650  \0$aHarpsichord$1http://www.wikidata.org/entity/Q81982$92125
=650  \0$aKeyboard music$1http://www.wikidata.org/entity/Q105715630$921412
=650  \0$aManuscript$1http://www.wikidata.org/entity/Q87167$92275
=651  \0$aItaly$1http://www.wikidata.org/entity/Q38$922
=942  \\$cBOO
=952  \\$00$10$2ddc$40$6INS_3A_IT$70$8INS$911121$aORPH$bORPH$cKTS0$d2020-07-08$eKoopman$f $i21B15$oINS3a IT$p20128366$r2021-01-12 00:00:00$w2021-01-12$yBOO
=999  \\$d11134

