=LDR  01117cam a2200253 a 4500
=001  11135
=005  20241106174143.0
=008  861218s1987\\\\ncuagh\\\b\\\\101\0deng\\
=020  \\$a0822307111
=040  \\$aOI
=245  00$aFrescobaldi studies /$cedited by Alexander Silbiger.
=260  \\$aDurham :$bDuke University Press,$c1987.
=300  \\$axiv, 398 p. :$bill., music, facsims. ;$c26 cm.
=500  \\$aCollection of papers based on the Quadricentennial Frescobaldi Conference, Madison, Wis., 1983.
=504  \\$aBibliography: p. [385]-390.
=500  \\$aIncludes index.
=600  10$aFrescobaldi, Girolamo,$d1583-1643$xCongresses.
=700  1\$aSilbiger, Alexander,$d1935-
=711  2\$aQuadricentennial Frescobaldi Conference$d(1983 :$cMadison, Wis.)
=856  \\$uhttp://www.loc.gov/catdir/enhancements/fy1101/86032862-d.html$3Publisher description
=952  \\$00$10$2ddc$40$6BIO_FRES_E$70$8BIO$911122$aORPH$bORPH$cKTS1_P$d2020-07-08$eKoopman$i32D42$oBIO FRES e$p20123103$r2021-01-12 00:00:00$w2021-01-12$yBOO$OKoopman
=999  \\$c11135$d11135
=490  \\$aSources of music and their interpretation
=942  \\$cBOO

