=LDR  01112cam a2200265 a 4500
=001  11136
=005  20250120120108.0
=008  950307s1995\\\\-usab\\\\b\\\\001\0\eng\\
=041  \\$aeng
=100  \\$4edt$aSilbiger, Alexander$d-1935$914073
=245  00$aKeyboard Music Before 1700
=260  \\$aNew York $bSchirmer Books $aLondon $bPrentice Hall International$c1995
=300  \\$axiii-373 pages
=336  \\$aprinted
=490  \\$aStudies in Musical Genres and Repertories
=504  \\$aIncludes bibliographical references and index.
=561  \\$aEx Libris Ton Koopman
=650  \0$aKeyboard music$1http://www.wikidata.org/entity/Q105715630$921412
=650  \0$aKeyboard instrument$1http://www.wikidata.org/entity/Q52954$92849
=650  \0$aHarpsichord$1http://www.wikidata.org/entity/Q81982$92125
=650  \0$aOrganology$1http://www.wikidata.org/entity/Q899293$921400
=651  \0$aEurope$1http://www.wikidata.org/entity/Q46$991
=942  \\$cBOO
=952  \\$00$10$2ddc$40$6INS_3A$70$8INS$911123$aORPH$bORPH$cKTS0$d2020-07-08$eKoopman$i43A11$oINS3a$p20127270$r2021-01-12 00:00:00$w2021-01-12$yBOO
=999  \\$d11136

