=LDR  00712aam a2200181   4500
=001  11138
=008  220705s1986\\\\it\f||||\||||\00|\0\ita\d
=041  \\$aita
=100  \\$aSilva, Romano$4aut$914076
=245  \\$aAntichi organi lucchesi
=260  \\$aLucca$bPacini Fazzi$c1986
=300  \\$a124 pages
=650  \0$aOrgan$1http://www.wikidata.org/entity/Q1444$92810
=650  \0$aOrganology$1http://www.wikidata.org/entity/Q899293$921400
=651  \0$aLucca (Italy)$1http://www.wikidata.org/entity/Q13373$924498
=942  \\$cBOO
=952  \\$00$10$2ddc$40$6INS_3_000000000000000_1A_IT_LUC$70$8INS$911125$aORPH$bORPH$cKTS0$d2020-07-08$eKoopman$i29D58$oINS3.1a IT.LUC$p20121312$r2021-01-12 00:00:00$w2021-01-12$yBOO
=999  \\$d11138

