=LDR  01587nam a2200301 a 4500
=001  11139
=008  930518s1991\\\\it\am\\\\bck\\001\0\ita\\
=041  \\$aita
=110  \\$aMuseo nazionale delle arti e tradizioni popolari (Rome, Italy)$1http://www.wikidata.org/entity/Q3868427$91575
=245  13$aLa collezione degli strumenti musicali.$bMuseo Nazionale delle Arti e Tradizioni Popolari - Roma
=260  \\$aRome$bIstituto poligrafico e Zecca dello Stato$c1991
=300  \\$a502 pages
=490  \\$aCataloghi dei musei e gallerie d'Italia$vnuova ser., n. 4
=561  \\$aEx Libris Ton Koopman
=648  \0$a15th Century (1401-1500)$1http://www.wikidata.org/entity/Q7018$921015
=648  \0$a16th Century (1501-1600)$1http://www.wikidata.org/entity/Q7017$920944
=648  \0$a17th Century (1601-1700)$1http://www.wikidata.org/entity/Q7016$920923
=648  \0$a18th Century (1701-1800)$1http://www.wikidata.org/entity/Q7015$920899
=648  \0$a19th Century (1801-1900)$1http://www.wikidata.org/entity/Q6955$920935
=650  \0$aOrganology$1http://www.wikidata.org/entity/Q899293$921400
=650  \0$aFolk music$1http://www.wikidata.org/entity/Q43343$921594
=650  \0$aMusic history$1http://www.wikidata.org/entity/Q846047$921373
=651  \0$aItaly$1http://www.wikidata.org/entity/Q38$922
=700  \\$aSimeoni, Paola Elisabetta$4cur$914077
=700  \\$aTucci, Roberta$4cur$914078
=942  \\$cBOO
=952  \\$00$10$2ddc$40$6INS_1B_IT_ROM1$70$8INS$911126$aORPH$bORPH$cKTS0$d2020-07-08$eKoopman$i42D35$oINS1b IT.ROM1$p20120050$r2021-01-12 00:00:00$w2021-01-12$yBOO
=999  \\$d11139

