=LDR  00808aam a2200193   4500
=001  11142
=008  250820s2005\\\\||||||||\||||\00|\0bdut\d
=020  \\$a9789043010665
=041  \\$adut
=100  \\$aSimons, Silvia$914081$4aut
=245  \\$aMozart voor Dummies
=260  \\$aAmsterdam$bPearson Benelux$c2005
=600  \0$aMozart, Wolfgang Amadeus$d1756-1791$1http://www.wikidata.org/entity/Q254$95341
=648  \0$a18th Century (1701-1800)$1http://www.wikidata.org/entity/Q7015$920899
=650  \0$aComposer$1http://www.wikidata.org/entity/Q36834$93625
=651  \0$aAustria$1http://www.wikidata.org/entity/Q40$9202
=942  \\$cBOO
=952  \\$00$10$2ddc$40$6BIO_MOZA1_D$70$8BIO$911129$aORPH$bORPH$cKTS1_P$d2020-07-08$eKoopman$i34B17$oBIO MOZA1 d$p20122600$r2021-01-12 00:00:00$w2021-01-12$yBOO$OKoopman
=999  \\$d11142

