=LDR  00362    a2200109   4500
=001  11143
=100  \\$aSimons, W. J.$914082
=245  \\$aFrederik van Eeden
=260  \\$c1962
=942  \\$cBOO
=952  \\$00$10$2ddc$40$6BIO_EEDE_D$70$8BIO$911130$aORPH$bORPH$cKTS1_P$d2020-07-08$eKoopman$i22C40$l0$oBIO EEDE d$p20125688$r2021-01-12 00:00:00$w2021-01-12$yBOO$OKoopman
=999  \\$c11143$d11143

