=LDR  00360    a2200109   4500
=001  11144
=100  \\$aSirch, L.$914083
=245  \\$aL'Anfione dell'Adria
=260  \\$c1999
=942  \\$cBOO
=952  \\$00$10$2ddc$40$6BIO_GROS_C$70$8BIO$911131$aORPH$bORPH$cKTS1_P$d2020-07-08$eKoopman$i38B18$l0$oBIO GROS c$p20120457$r2021-01-12 00:00:00$w2021-01-12$yBOO$OKoopman
=999  \\$c11144$d11144

