=LDR  01210    a2200253   4500
=001  11145
=005  20251003085458.0
=008  211008s1933\\\\-usf||||\||||\00|\0\eng\d
=041  \\$aeng
=100  \\$4aut$aSkinner, William$914084
=245  \\$aThe Belle Skinner Collection of Old Musical Instruments
=260  \\$aHolyoke, MA$bs.n.$c1933
=300  \\$a210 pages
=561  \\$aGift from Laurence Libin to Ton Koopman, New York, June 1989 (manuscript note)
=610  \0$aBelle Skinner Collection of Musical Instruments (Yale University, New Haven, CT, USA)$923114
=648  \0$a18th Century (1701-1800)$1http://www.wikidata.org/entity/Q7015$920899
=648  \0$a19th Century (1801-1900)$1http://www.wikidata.org/entity/Q6955$920935
=648  \0$a20th Century (1901-2000)$1http://www.wikidata.org/entity/Q6927$920936
=650  \0$aCatalogue$1http://www.wikidata.org/entity/Q2352616$921484
=650  \0$aOrganology$1http://www.wikidata.org/entity/Q899293$921400
=651  \0$aUSA$1http://www.wikidata.org/entity/Q30$943
=942  \\$cBOO
=952  \\$00$10$2ddc$40$6INS_1B_US_NEW2$70$8INS$911132$aORPH$bORPH$cKTS0$d2020-07-08$eKoopman$i47G28$oINS1b US.NEW2$p20121521$r2021-01-12 00:00:00$w2021-01-12$yBOO
=999  \\$d11145

