=LDR  01170cam a2200241 a 4500
=001  11146
=008  120227s1976\\\\\\\\\\\\\\\\\\000\0bger\\
=041  \\$ager
=100  \\$aSkupnik, Reinhard$4aut$924981
=245  14$aDer hannoversche Orgelbauer Christian Vater 1679-1756
=250  \\$a1st ed.
=260  \\$aKassel$aBasel$aTours$aLondon$bBärenreiter$c1976
=300  \\$a447 pages
=490  \\$aVeröffentlichungen der Orgelwissenschaftlichen Forschungsstelle im Musikwissenschaftlichen Seminar$v8
=600  \0$aVater, Christian$d1679-1756$1http://www.wikidata.org/entity/Q126926$924982
=648  \0$a18th Century (1701-1800)$1http://www.wikidata.org/entity/Q7015$920899
=650  \0$aOrgan$1http://www.wikidata.org/entity/Q1444$92810
=650  \0$aOrganology$1http://www.wikidata.org/entity/Q899293$921400
=650  \0$aBiography$1http://www.wikidata.org/entity/Q36279$91927
=651  \0$aHannover (Germany)$1http://www.wikidata.org/entity/Q1715$923171
=942  \\$cBOO
=952  \\$00$10$2ddc$40$6INS_3_000000000000000_1B_VATE$70$911133$aORPH$bORPH$cLOC_UNK$d2020-07-08$eKoopman$i23A23$l0$oINS3.1b VATE$p20128494$r2021-01-12 00:00:00$w2021-01-12$yBOO$OKoopman
=999  \\$d11146

