=LDR  01109cam a2200265 a 4500
=001  11150
=005  20251003085458.0
=008  910220s1991\\\\-us\\\\\\b\\\\001\0\eng\\
=041  \\$aeng
=100  \\$aSloane, Sally Jo$4aut$914089
=245  10$aMusic for two or More Players at Clavichord, Harpsichord, Organ$bAn Annotated Bibliography
=260  \\$aNew York$bGreenwood Press$c1991
=300  \\$axv-104 pages
=336  \\$aprinted
=490  \\$aMusic reference collection$vno. 29
=504  \\$aDiscography: p. [87]-88.
=561  \\$aEx Libris Ton Koopman
=650  \0$aKeyboard music$1http://www.wikidata.org/entity/Q105715630$921412
=650  \0$aKeyboard instrument$1http://www.wikidata.org/entity/Q52954$92849
=650  \0$aHarpsichord$1http://www.wikidata.org/entity/Q81982$92125
=650  \0$aChamber music$1http://www.wikidata.org/entity/Q189201$92105
=650  \0$aCatalogue$1http://www.wikidata.org/entity/Q2352616$921484
=942  \\$cBOO
=952  \\$00$10$2ddc$40$6INS_3A$70$8INS$911137$aORPH$bORPH$cKTS0$d2020-07-08$eKoopman$i25B25$oINS3a$p20129199$r2021-01-12 00:00:00$w2021-01-12$yBOO
=999  \\$d11150

