=LDR  01274cam a2200289 a 4500
=001  11153
=005  20250120120348.0
=008  011024s2001\\\\ne\a\\\\\bc\\\001\0\dut\\
=015  \\$aNe01-39
=020  \\$a905573229X (Fryske Akademy)
=020  \\$a9061719178 (Damon)
=040  \\$aOI
=100  \\$aSluis, Jacob van$d1953-$914094
=245  10$aBibliotheca Hemsterhusiana :$bhet boekenbezit van Tiberius en Frans Hemsterhuis, met genealogie en bibliografie /$cJacob van Sluis.
=260  \\$aBudel :$bDamon ;$aLjouwert :$bFryske Akademy,$c2001.
=300  \\$a296 p. :$bill. ;$c25 cm.
=490  1\$aFryske Akademy ;$vnr. 917
=504  \\$aIncludes bibliographical references (p. 263-296) and index.
=600  \0$aHemsterhuis, Tiberius$d1685-1766$95989
=600  \0$aHemsterhuis, François,$d1721-1790$914096
=650  \0$aPrinting$1http://www.wikidata.org/entity/Q11034$921936
=650  \0$aLibrary$1http://www.wikidata.org/entity/Q7075$94229
=830  \0$9929$aFryske Akademy (Series) ;$vnr. 917.
=942  \\$cBOO
=952  \\$00$10$2ddc$40$6BIO_HEMS_A$70$8BIO$911140$aORPH$bORPH$cKTS1_P$d2020-07-08$eKoopman$i42F23$l0$oBIO HEMS a$p20121992$r2021-01-12 00:00:00$w2021-01-12$yBOO$OKoopman
=999  \\$c11153$d11153
=651  \0$aNetherlands$1http://www.wikidata.org/entity/Q55$9173

