=LDR  01165cam a2200241 i 4500
=001  11154
=005  20251003085458.0
=008  120124s2011\\\\ne\a\\\\\b\\\\001\0\dut\\
=041  \\$adut
=100  \\$aSluis, Jacob van$d-1953$4aut$914094
=245  13$aDe Academiebibliotheek te Franeker anno 1601:$bde oudste catalogus ingeleid en opnieuw uitgegeven
=260  \\$aFraneker$bVan Wijnen$c2011
=300  \\$a239 pages$billustrations$c21 cm
=504  \\$aIncludes bibliographical references (pages 235-239) and index.
=610  \0$aUniversiteit van Franeker (Netherlands)$1http://www.wikidata.org/entity/Q1293929$91652
=648  \0$a17th Century (1601-1700)$1http://www.wikidata.org/entity/Q7016$920923
=650  \0$aLibrary$1http://www.wikidata.org/entity/Q7075$94229
=650  \0$aCatalogue$1http://www.wikidata.org/entity/Q2352616$921484
=651  \0$aFraneker (Netherlands)$1http://www.wikidata.org/entity/Q41974$9185
=700  \\$4pht$aBijlstra, Haye$921182
=942  \\$cBOO
=952  \\$00$10$2ddc$40$6BIB_4_000000000000000_NL_FRA$70$8BIB$911141$aORPH$bORPH$cKTS0$d2020-07-08$eKoopman$i46F23$l0$oBIB4 NL.FRA$p20126895$r2021-01-12 00:00:00$w2021-01-12$yBOO
=999  \\$d11154

