=LDR  01278cam a22002774a 4500
=001  11155
=005  20250929111409.0
=008  000913s2000\\\\ne\ao\\\\b\\\\000\0\dut\|
=041  0\$adut$beng
=100  \\$aSluyterman, Keetie E.$d-1949$4aut$914097
=245  10$aKerk in de City:$b450 jaar Nederlandse Kerk Austin Friars in Londen
=260  \\$aHilversum$bVerloren$c2000
=300  \\$a143 pages
=504  \\$aIncludes bibliographical references (p. [141]-143).
=546  \\$aSummary in English.
=610  \0$aAustin Friars (London, United Kingdom)$1http://www.wikidata.org/entity/Q4823089$91583
=650  \0$aChurch$1http://www.wikidata.org/entity/Q16970$93776
=650  \0$aDutch$1http://www.wikidata.org/entity/Q7411$926205
=650  \0$aArchitecture$1http://www.wikidata.org/entity/Q12271$93185
=650  \0$aHistory$1http://www.wikidata.org/entity/Q309$921403
=650  \0$aProtestantism$1http://www.wikidata.org/entity/Q23540$921012
=650  \0$aReception$1http://www.wikidata.org/entity/Q1791660$925021
=651  \0$aLondon (United Kingdom)$1http://www.wikidata.org/entity/Q84$9123
=942  \\$cBOO
=952  \\$00$10$2ddc$40$6TOP_GB_LON$70$8TOP$911142$aORPH$bORPH$cKTS0$d2020-07-08$eKoopman$i33D28$oTOP GB.LON$p20122721$r2021-01-12 00:00:00$w2021-01-12$yBOO
=999  \\$d11155

