=LDR  00346    a2200109   4500
=001  11160
=100  \\$aSmend, F.$914100
=245  \\$aBach-Studien
=260  \\$c1969
=942  \\$cBOO
=952  \\$00$10$40$6BIO_BACH1_E$70$8BIO$911147$aORPH$bORPH$cKTS1_P$d2020-07-08$eKoopman$i47D12$oBIO BACH1 e$p20123701$r2021-01-12 00:00:00$w2021-01-12$yBOO$OKoopman
=999  \\$c11160$d11160

