=LDR  01428aam a2200253   4500
=001  11163
=008  250701s1959\\\\||||||||\||||\00|\0bfre\d
=041  \\$afre
=100  \\$aSmet, M. de$914101$4aut
=245  \\$aJean-Noël Hamal (1709-1778), Chanoine Impérial et Directeur de la musique de la Cathédrale Saint-Lambert de Liège :$bVie et œuvre
=260  \\$aBrussels$bAcadémie royale de Belgique$c1957
=490  \\$aAcadémie royale de Belgique, classe des beaux-arts, mémoires, collection in-8e$v11-1
=600  \0$aHamal, Jean-Noël$d1709-1778$1http://www.wikidata.org/entity/Q378139$940485
=610  \0$aCathédrale Notre-Dame-et-Saint-Lambert de Liège (Belgium)$1http://www.wikidata.org/entity/Q1631773$940490
=648  \0$a18th Century (1701-1800)$1http://www.wikidata.org/entity/Q7015$920899
=650  \0$aComposer$1http://www.wikidata.org/entity/Q36834$93625
=650  \0$aConductor$1http://www.wikidata.org/entity/Q158852$93134
=650  \0$aCappella$1http://www.wikidata.org/entity/Q19902156$922910
=650  \0$aBiography$1http://www.wikidata.org/entity/Q36279$91927
=650  \0$aCatholicism$1http://www.wikidata.org/entity/Q1841$921631
=651  \0$aLiège (Belgium)$1http://www.wikidata.org/entity/Q3992$9240
=942  \\$cBOO
=952  \\$00$10$2ddc$40$6BIO_HAMA_D$70$8BIO$911150$aORPH$bORPH$cKTS1_P$d2020-07-08$eKoopman$i32E18$l0$oBIO HAMA d$p20130322$r2021-01-12 00:00:00$w2021-01-12$yBOO$OKoopman
=999  \\$d11163

