=LDR  01087aam a2200217   4500
=001  11167
=008  240216s1923\\\\||||||||\||||\00|\0bdut\d
=041  \\$adut
=100  \\$aSmijers, Albert$d1888-1957$1http://www.wikidata.org/entity/Q13428928$4aut$914104
=245  \\$aKarl Luython als motetten-komponist
=260  \\$aAmsterdam$bAlsbach$c1923
=600  \0$aLuython, Charles$d1557-1620$1http://www.wikidata.org/entity/Q2004683$926893
=648  \0$a16th Century (1501-1600)$1http://www.wikidata.org/entity/Q7017$920944
=648  \0$a17th Century (1601-1700)$1http://www.wikidata.org/entity/Q7016$920923
=650  \0$aComposer$1http://www.wikidata.org/entity/Q36834$93625
=650  \0$aMotet$1http://www.wikidata.org/entity/Q188285$92028
=651  \0$aVienna (Austria)$1http://www.wikidata.org/entity/Q1741$920937
=651  \0$aPrague (Czech Republic)$1http://www.wikidata.org/entity/Q1085$923092
=942  \\$cBOO
=952  \\$00$10$2ddc$40$6BIO_LUYT_E$70$8BIO$911154$aORPH$bORPH$cKTS1_P$d2020-07-08$eKoopman$i22C35$oBIO LUYT e$p20125694$r2021-01-12 00:00:00$w2021-01-12$yBOO$OKoopman
=999  \\$d11167

