=LDR  01375aam a2200265   4500
=001  11168
=008  240216s1922\\\\||||||||\||||\00|\0\ger\d
=041  \\$ager
=100  \\$aSmijers, Albert$d1888-1957$1http://www.wikidata.org/entity/Q13428928$4aut$914104
=245  \\$aDie Kaiserliche Hofmusik-Kapelle von 1543 bis 1619
=260  \\$aVienna$bUniversal$c1922
=300  \\$a159 pages
=490  \\$aStudien zur Musikwissenschaft. Beihefte der Denkmäler der Tonkunst in Österreich
=610  \0$aHouse of Habsburg$1http://www.wikidata.org/entity/Q65968$922829
=648  \0$a16th Century (1501-1600)$1http://www.wikidata.org/entity/Q7017$920944
=648  \0$a17th Century (1601-1700)$1http://www.wikidata.org/entity/Q7016$920923
=650  \0$aMusic history$1http://www.wikidata.org/entity/Q846047$921373
=650  \0$aMusician$1http://www.wikidata.org/entity/Q639669$93574
=650  \0$aCourt$1http://www.wikidata.org/entity/Q1134237$922191
=650  \0$aCappella$1http://www.wikidata.org/entity/Q19902156$922910
=650  \0$aOrchestra$1http://www.wikidata.org/entity/Q42998$93159
=651  \0$aVienna (Austria)$1http://www.wikidata.org/entity/Q1741$920937
=942  \\$cBOO
=952  \\$00$10$2ddc$40$6TOP_AT_VIE_4_000000000000000$70$8TOP$911155$aORPH$bORPH$cKTS0$d2020-07-08$eKoopman$i30E38$l0$oTOP AT.VIE 4$p20123329$r2021-01-12 00:00:00$w2021-01-12$yBOO$OKoopman
=999  \\$d11168

