=LDR  00924aam a2200181   4500
=001  11169
=008  240216b\\\\\\\\||||||||\||||\00|\0\dut\d
=041  \\$adut
=100  \\$aSmijers, Albert$d1888-1957$1http://www.wikidata.org/entity/Q13428928$4aut$914104
=245  \\$aDe Illustre Lieve Vrouwe Broederschap te 's-Hertogenbosch:$bArchivalia$nDeel 1$pRekeningen van 1330 tot 1500
=260  \\$bVNM$cs.d.
=648  \0$aMiddle Ages (500-1400)$1http://www.wikidata.org/entity/Q12554$920964
=650  \0$aMusic history$1http://www.wikidata.org/entity/Q846047$921373
=650  \0$aReligion$1http://www.wikidata.org/entity/Q9174$93062
=651  \0$a's-Hertogenbosch (Netherlands)$1http://www.wikidata.org/entity/Q2766547$982
=942  \\$cBOO
=952  \\$00$10$2ddc$40$6TOP_NL_HER_3_000000000000000$70$8TOP$911156$aORPH$bORPH$cKTS0$d2020-07-08$eKoopman$i33G22$l0$oTOP NL.HER 3$p20122690$r2021-01-12 00:00:00$w2021-01-12$yBOO$OKoopman
=999  \\$d11169

