=LDR  00390    a2200121   4500
=001  11170
=020  \\$a9065530525
=100  \\$aSmilde, B.$914105
=245  \\$aHasper en het kerklied
=260  \\$c1986
=942  \\$cBOO
=952  \\$00$10$2ddc$40$6BIO_HASP_D$70$8BIO$911157$aORPH$bORPH$cKTS1_P$d2020-07-08$eKoopman$i45D09$l0$oBIO HASP d$p20127321$r2021-01-12 00:00:00$w2021-01-12$yBOO$OKoopman
=999  \\$c11170$d11170

