=LDR  01007    a2200205   4500
=001  11171
=008  210305s1973\\\\be\g||||\||||\00|\0\dut\d
=041  \\$adut
=100  \\$aSmit Duyzentkunst, Ingrid$914106$4aut
=245  \\$aDe uitvoeringspraktijk van het recitatief in de 17e en 18e eeuw
=260  \\$aUtrecht$bInstituut voor Muziekwetenschap Utrecht$c1973
=300  \\$a62 pages
=490  \\$aScripta Musicologica Ultrajectina / Werkstukken van Utrechtse musicologen$v4
=648  \0$a17th Century (1601-1700)$1http://www.wikidata.org/entity/Q7016$920923
=648  \0$a18th Century (1701-1800)$1http://www.wikidata.org/entity/Q7015$920899
=650  \0$aHistorically informed performance$1http://www.wikidata.org/entity/Q1344860$920980
=650  \0$aRecitative$1http://www.wikidata.org/entity/Q202534$93699
=942  \\$cDIS
=952  \\$00$10$2ddc$40$6MTP_2_000000000000000_SMIT$70$8MTP$911158$aORPH$bORPH$cKM12_1$d2020-07-08$eKoopman$i19A31$l0$oMTP2 SMIT$p20125144$r2021-01-12 00:00:00$w2021-01-12$yDIS
=999  \\$d11171

