=LDR  00981cam a2200253 a 4500
=001  11175
=005  20250120120317.0
=008  000808s2000\\\\ne\a\\\\\b\\\\001\0bdut\\
=020  \\$a9065500995
=040  \\$aOI
=041  0\$adut$beng
=100  \\$aSmit, Kees$d-1936$4aut$914110
=245  10$aPieter Langendijk
=260  \\$aHilversum$bVerloren$c2000
=300  \\$a382 p. :$bill. ;$c24 cm.
=504  \\$a"Bibliografie van Langendijk": p. [333]-345.
=504  \\$aIncludes bibliographical references (p. [348]-359) and index.
=546  \\$aSummary in English.
=600  \0$aLangendijk, Pieter$d1683-1756$1http://www.wikidata.org/entity/Q782615$95199
=650  \0$aWriter$1http://www.wikidata.org/entity/Q36180$93885
=942  \\$cBOO
=952  \\$00$10$2ddc$40$6BIO_LANG_D$70$8BIO$911162$aORPH$bORPH$cKTS1_P$d2020-07-08$eKoopman$i287D41$l0$oBIO LANG d$p20123567$r2021-01-12 00:00:00$w2021-01-12$yBOO
=999  \\$c11175$d11175
=651  \0$aNetherlands$1http://www.wikidata.org/entity/Q55$9173

