=LDR  01100pam a2200229 a 4500
=001  11177
=008  930126s1993\\\\\\\a\\\\\b\\\\001\0\eng\|
=041  \\$aeng
=100  \\$aSaumarez Smith, Charles$914112$4aut
=245  10$aEighteenth-Century Decoration:$bDesign and the Domestic Interior in England
=260  \\$aNew York, NY$bAbrams$c1993
=300  \\$a407 pages
=504  \\$aIncludes bibliographical references (p. 394-397) and index.
=648  \0$a18th Century (1701-1800)$1http://www.wikidata.org/entity/Q7015$920899
=650  \0$aInterior design$1http://www.wikidata.org/entity/Q179232$921367
=650  \0$aApplied arts$1http://www.wikidata.org/entity/Q2865882$921627
=650  \0$aCultural history$1http://www.wikidata.org/entity/Q858517$922395
=650  \0$aFine art$1http://www.wikidata.org/entity/Q219625$921579
=651  \0$aUnited Kingdom$1http://www.wikidata.org/entity/Q21$9273
=942  \\$cBOO
=952  \\$00$10$2ddc$40$6TOP_GB_5_000000000000000$70$8TOP$911164$aORPH$bORPH$cKTS0$d2020-07-08$eKoopman$i21E14$l0$oTOP GB 5$p20125414$r2021-01-12 00:00:00$w2021-01-12$yBOO$OKoopman
=999  \\$d11177

