=LDR  01170cam a2200265 a 4500
=001  11179
=005  20250821130544.0
=008  830505s1983\\\\nyuaccg\\b\\\\001\0\eng\\
=020  \\$a0918728258
=040  \\$aOI
=041  \\$aeng
=100  \\$aSmith, Rollin$4aut$914114
=245  10$aToward an Authentic Interpretation of the Organ Works of César Franck
=260  \\$aNew York$bPendragon$c1983
=300  \\$axii-191 pages, [1] leaf of plates$billustrations, portraits, music$c24 cm
=490  1\$aJuilliard Performance Guides$v1
=504  \\$aBibliography: p. 177-184.
=600  \0$aFranck, César$d1822-1890$1http://www.wikidata.org/entity/Q50187$910937
=648  \0$a19th Century (1801-1900)$1http://www.wikidata.org/entity/Q6955$920935
=650  \0$aOrgan music$1http://www.wikidata.org/entity/Q2003283$91951
=650  \0$aHistorically informed performance$1http://www.wikidata.org/entity/Q1344860$920980
=651  \0$aFrance$1http://www.wikidata.org/entity/Q142$9131
=942  \\$cBOO
=952  \\$00$10$2ddc$40$6BIO_FRAN_E$70$8BIO$911166$aORPH$bORPH$cKTS1_P$d2020-07-08$eKoopman$i32D39$oBIO FRAN e$p20123106$r2021-01-12 00:00:00$w2021-01-12$yBOO$OKoopman
=999  \\$d11179

