=LDR  01300aam a2200241   4500
=001  11180
=008  221108s1968\\\\|||a||||\b|||\00|\0\eng\d
=041  \\$aeng
=100  \\$aSmith, William Charles$d1881-1972$1http://www.wikidata.org/entity/Q8006735$4aut$914116
=245  \\$aA Bibliography of the Musical Works Published by John Walsh During the Years 1695-1720
=260  \\$aOxford$bBibliographical Society$c1968
=300  \\$a215 pages
=600  \0$aWalsh, John$d1665/66-1736$1http://www.wikidata.org/entity/Q1702092$923166
=648  \0$a17th Century (1601-1700)$1http://www.wikidata.org/entity/Q7016$920923
=648  \0$a18th Century (1701-1800)$1http://www.wikidata.org/entity/Q7015$920899
=650  \0$aBibliography$1http://www.wikidata.org/entity/Q134995$93965
=650  \0$aPublishing$1http://www.wikidata.org/entity/Q3972943$93049
=650  \0$aMusic printing$1http://www.wikidata.org/entity/Q64416036$94007
=650  \0$aMusic publishing company$1http://www.wikidata.org/entity/Q1917775$927716
=651  \0$aLondon (United Kingdom)$1http://www.wikidata.org/entity/Q84$9123
=942  \\$cBOO
=952  \\$00$10$2ddc$40$6BIB_4_000000000000000_GB_WALS$70$8BIB$911167$aORPH$bORPH$cKTS0$d2020-07-08$eKoopman$i21F25$l0$oBIB4 GB WALS$p20125482$r2021-01-12 00:00:00$w2021-01-12$yBOO$OKoopman
=999  \\$d11180

