=LDR  00994    a2200241   4500
=001  11184
=008  211109s1988\\\\nl\agf||\||||\00|\0\eng\d
=020  \\$a9060275489
=041  \\$aeng
=100  \\$aSmithers, Don L.$4aut$914118
=245  \\$aThe Music and History of the Baroque Trumpet before 1721
=250  \\$aSecond edition
=260  \\$c1988$aBuren$bFrits Knuf
=300  \\$a352 pages
=336  \\$aprinted
=648  \0$a16th Century (1501-1600)$1http://www.wikidata.org/entity/Q7017$920944
=648  \0$a17th Century (1601-1700)$1http://www.wikidata.org/entity/Q7016$920923
=648  \0$a18th Century (1701-1800)$1http://www.wikidata.org/entity/Q7015$920899
=650  \0$aTrumpet$1http://www.wikidata.org/entity/Q8338$92388
=650  \0$aTrombone$1http://www.wikidata.org/entity/Q8350$921860
=942  \\$cBOO
=952  \\$00$10$2ddc$40$6INS_7_000000000000000_3A$70$8INS$911171$aORPH$bORPH$cKTS0$d2020-07-08$eKoopman$i20C48$oINS7.3a$p20128104$r2021-01-12 00:00:00$w2021-01-12$yBOO
=999  \\$d11184

