=LDR  00859aam a2200181   4500
=001  11187
=008  211119s1954\\\\\\\|||||\||||\00|\0\dut\d
=041  \\$adut
=100  \\$aSmits van Waesberghe, Joseph$d1901-1986$4aut$1http://www.wikidata.org/entity/Q3439934$918704
=245  \\$aMuziek en drama in de middeleeuwen
=260  \\$aAmsterdam$bBigot & van Rossum$c1954
=500  \\$aJoseph Smits van Waesberghe was one of Ton Koopman's professors
=648  \0$aMiddle Ages (500-1400)$1http://www.wikidata.org/entity/Q12554$920964
=650  \0$aMusic history$1http://www.wikidata.org/entity/Q846047$921373
=650  \0$aPlay (theater)$1http://www.wikidata.org/entity/Q25379$921414
=942  \\$cBOO
=952  \\$00$10$2ddc$40$6GHM_3_000000000000000$70$8GHM$911174$aORPH$bORPH$cKM12_1$d2020-07-08$eKoopman$i20D22$oGHM3$p20125315$r2021-01-12 00:00:00$w2021-01-12$yBOO
=999  \\$d11187

