=LDR  01086aam a2200217   4500
=001  11188
=008  211119s1976\\\\||||||||\||||\01|\0\ger\d
=041  \\$ager
=100  \\$aSmits van Waesberghe, Joseph$d1901-1986$4aut$1http://www.wikidata.org/entity/Q3439934$918704
=245  \\$aDia-Pason, de omnibus:$bAusgewählte Aufsätze von Joseph Smits v. Waesberghe, Festgabe zu seinem 75. Geburtstag
=260  \\$aBuren$bKnuf$c1976
=500  \\$aJoseph Smits van Waesberghe was one of Ton Koopman's professors
=648  \0$aMiddle Ages (500-1400)$1http://www.wikidata.org/entity/Q12554$920964
=650  \0$aMusic criticism$1http://www.wikidata.org/entity/Q11748889$921598
=650  \0$aMusic history$1http://www.wikidata.org/entity/Q846047$921373
=650  \0$aMusicology$1http://www.wikidata.org/entity/Q164204$93925
=700  \\$4edt$aMaas, C. J.$912514
=700  \\$4edt$aSchouten-Glass, M. U.$921765
=942  \\$cBOO
=952  \\$00$10$2ddc$40$6GHM_3_000000000000000$70$8GHM$911175$aORPH$bORPH$cKM12_1$d2020-07-08$eKoopman$i23D31$oGHM3$p20128636$r2021-01-12 00:00:00$w2021-01-12$yBOO
=999  \\$d11188

