=LDR  00961    a2200193   4500
=001  11190
=005  20251017125603.0
=008  210315b\\\\\\\\be\|||||\||||\00|\0\eng\d
=041  \\$adut
=100  \\$aSmits van Waesberghe, Joseph$d1901-1986$4aut$1http://www.wikidata.org/entity/Q3439934$918704
=245  \\$aHet biologisch-muzisch ritme.$bOp zoek naar de oerprincipes van het biologisch-muzische in de mens en hun toepassingen in de westerse cultuur.$cDe voornaamste resultaten van een door Jos. Smits van Waesberghe verricht onderzoek
=260  \\$aAmsterdam$bStichting Nederlandse Toonkunstenaarsraad$c1983
=300  \\$a227 pages
=650  \0$aRhythm$1http://www.wikidata.org/entity/Q170406$92724
=650  \0$aBiology$927184
=700  \\$4edt$aAdema, Hilbrand$920969
=942  \\$cBOO
=952  \\$00$10$2ddc$40$6MTP_1_000000000000000_SMIT$70$8MTP$911177$aORPH$bORPH$cKM12_1$d2020-07-08$eKoopman$l0$oMTP1 SMIT$p20126708$r2021-01-12 00:00:00$w2021-01-12$yBOO
=999  \\$d11190

