=LDR  01062nam a2200253 a 4500
=001  11191
=005  20250120120614.0
=008  940912s1994\\\\ne\a\\\\\b\\\\001\0cdut\\
=020  \\$a9060118847
=040  \\$aOI
=041  \\$adut
=100  \\$aSmits-Veldt, Mieke B.$4aut$914121
=245  10$aMaria Tesselschade:$bleven met talent en vriendschap
=260  \\$aZutphen$bWalburg$c1994
=300  \\$a119 pages$billustrations$c22 cm
=504  \\$aIncludes bibliographical references (p. [113]-117) and index.
=600  \0$aTesselschade Visscher, Maria$d1594-1649$1http://www.wikidata.org/entity/Q456072$924769
=648  \0$a17th Century (1601-1700)$1http://www.wikidata.org/entity/Q7016$920923
=650  \0$aPoet$1http://www.wikidata.org/entity/Q49757$92954
=650  \0$aBiography$1http://www.wikidata.org/entity/Q36279$91927
=651  \0$aAmsterdam (Netherlands)$9189
=942  \\$cBOO
=952  \\$00$10$2ddc$40$6BIO_VISS_D$70$8BIO$911178$aORPH$bORPH$cKTS1_P$d2020-07-08$eKoopman$i28D56$oBIO VISS d$p20123553$r2021-01-12 00:00:00$w2021-01-12$yBOO$OKoopman
=999  \\$d11191

