=LDR  01231nam a2200277 a 4500
=001  11192
=005  20250120120615.0
=008  870824s1986\\\\ne\a\\\\\b\\\\001\0\dut\\
=020  \\$a9062430562
=040  \\$aOI
=041  \\$adut
=100  2\$aSmits-Veldt, Mieke B.$4aut
=245  10$aSamuel Coster, ethicus-didacticus:$been onderzoek naar dramatische opzet en morele instructie van Ithys, Polyxena en Iphigenia
=260  \\$aGroningen$bWolters-Noordhoff/Forsten$c1986
=300  \\$axiii-499 pages$billustrations$c25 cm
=490  \\$aNeerlandica Traiectina$v29
=500  \\$aIncludes indexes.
=504  \\$aBibliography: p. 468-488.
=600  \0$aCoster, Samuel$d1579-1665$1http://www.wikidata.org/entity/Q2371985$924774
=648  \0$a17th Century (1601-1700)$1http://www.wikidata.org/entity/Q7016$920923
=650  \0$aTheater history$1http://www.wikidata.org/entity/Q1061140$94607
=650  \0$aMoral education$1http://www.wikidata.org/entity/Q25457248$93171
=651  \0$aNetherlands$1http://www.wikidata.org/entity/Q55$9173
=942  \\$cBOO
=952  \\$00$10$2ddc$40$6BIO_COST_E$70$8BIO$911179$aORPH$bORPH$cKTS1_P$d2020-07-08$eKoopman$i38C05$l0$oBIO COST e$p20120443$r2021-01-12 00:00:00$w2021-01-12$yBOO$OKoopman
=999  \\$d11192

