=LDR  00975cam a2200253 a 4500
=001  11193
=005  20250120120245.0
=008  911023s1991\\\\ne\a\\\\\b\\\\001\0\dut\c
=010  \\$a   91208217 
=020  \\$a9061940281 :$cfl 20.50
=040  \\$aOI
=041  \\$adut
=100  \\$aSmits-Veldt, Mieke B.$4aut$914121
=245  14$aHet Nederlandse renaissancetoneel
=260  \\$aUtrecht$bHES$c1991
=300  \\$a155 pages$billustrations$c21 cm
=490  \\$aHES literatuur
=504  \\$aIncludes bibliographical references and indexes.
=648  \0$aRenaissance (1400-1600)$1http://www.wikidata.org/entity/Q4692$920965
=650  \0$aTheater history$1http://www.wikidata.org/entity/Q1061140$94607
=651  \0$aNetherlands$1http://www.wikidata.org/entity/Q55$9173
=942  \\$cBOO
=952  \\$00$10$2ddc$40$6TOP_NL_4_000000000000000$70$8TOP$911180$aORPH$bORPH$cKTS1_P$d2020-07-08$eKoopman$i43F35$l0$oTOP NL 4$p20126445$r2021-01-12 00:00:00$w2021-01-12$yBOO$OKoopman
=999  \\$d11193

