=LDR  00370    a2200109   4500
=001  11197
=100  \\$aSnyder, K.$914125
=245  \\$aNach Lübeck in den Fußstapfen von
=260  \\$c2005
=942  \\$cBOO
=952  \\$00$10$40$6BIO_BACH1_E$70$8BIO$911184$aORPH$bORPH$cKTS1_P$d2020-07-08$eKoopman$i34A28$oBIO BACH1 e$p20122634$r2021-01-12 00:00:00$w2021-01-12$yBOO$OKoopman
=999  \\$c11197$d11197

