=LDR  01302pam a2200277 a 4500
=001  11198
=005  20250120120241.0
=008  870615s1987\\\\nyuabcg\\b\\\\001\0beng\\
=020  \\$a0028730801
=040  \\$aOI
=041  \\$aeng
=100  \\$aSnyder, Kerala J.$1http://www.wikidata.org/entity/Q18628136$4aut$913709
=245  10$aDieterich Buxtehude, Organist in Lübeck
=260  \\$aNew York$bSchirmer$aLondon$bCollier Macmillan$c1987
=300  \\$axxiii-551 pages$billustrations, map, portrait, music, facsimiles$c25 cm
=504  \\$aBibliography: p. 513-539.
=561  \\$aHandwritten dedication by the author
=600  \0$aBuxtehude, Dietrich$d1637-1707$1http://www.wikidata.org/entity/Q153637$910062
=610  \0$aMarienkirche (Lübeck, Germany)$1http://www.wikidata.org/entity/Q695065$91740
=648  \0$a17th Century (1601-1700)$1http://www.wikidata.org/entity/Q7016$920923
=650  \0$aOrganist$1http://www.wikidata.org/entity/Q765778$94471
=650  \0$aMusic history$1http://www.wikidata.org/entity/Q846047$921373
=651  \0$aLübeck (Germany)$1http://www.wikidata.org/entity/Q2843$9125
=942  \\$cBOO
=952  \\$00$10$2ddc$40$6BIO_BUXT_D$70$8BIO$911185$aORPH$bORPH$cKTS1_P$d2020-07-08$eKoopman$i32C36$oBIO BUXT d$p20122883$r2021-01-12 00:00:00$w2021-01-12$yBOO$OKoopman
=999  \\$d11198

