=LDR  00383    a2200121   4500
=001  11200
=020  \\$a3933377005
=100  \\$aSodmann, T.$914128
=245  \\$aDodendantz, Lübeck 1520
=260  \\$c2001
=942  \\$cBOO
=952  \\$00$10$2ddc$40$6LIT_SODM_A$70$8LIT$911187$aORPH$bORPH$cKM12_2_H$d2020-07-08$eKoopman$i38F38$oLIT SODM a$p20122343$r2021-01-12 00:00:00$w2021-01-12$yBOO
=999  \\$c11200$d11200

