=LDR  01006aam a2200217   4500
=001  11202
=008  220223s1934\\\\|||o||||\||||\001\0\ger\d
=041  \\$ager
=100  \\$aSöhner, Leo$4aut$914130
=245  \\$aDie Musik im Münchener Dom Unserer Lieben Frau in Vergangenheit und Gegenwart
=246  \1$aDie Musik an der Münchener Frauenkirche in Vergangenheit und Gegenwart
=260  \\$aMunich$bLentner$c1934
=300  \\$aviii-135 pages
=610  \0$aFrauenkirche (Munich, Germany)$1http://www.wikidata.org/entity/Q167193$91360
=648  \0$aPast$1http://www.wikidata.org/entity/Q192630$922196
=650  \0$aChurch music$1http://www.wikidata.org/entity/Q8812109$92283
=650  \0$aMusic history$1http://www.wikidata.org/entity/Q846047$921373
=651  \0$aMunich (Germany)$1http://www.wikidata.org/entity/Q1726$9268
=942  \\$cBOO
=952  \\$00$10$2ddc$40$6TOP_DE_MUN1$70$8TOP$911189$aORPH$bORPH$cKTS0$d2020-07-08$eKoopman$i45D03$oTOP DE.MUN1$p20127327$r2021-01-12 00:00:00$w2021-01-12$yBOO
=999  \\$d11202

