=LDR  01234aam a2200241   4500
=001  11204
=005  20250925143259.0
=008  230419s1950\\\\||||||||\||||\001\0\ger\d
=041  \\$ager
=100  \\$aSöhngen, Oskar$d1900-1983$1http://www.wikidata.org/entity/Q2034023$914133$4aut
=245  \\$aDas kirchenmusikalische Amt in der Evangelische Kirche der altpreußischen Union.$bDie wichtigsten geltenden Verordnungen und Erlasse auf dem Gebiete der Kirchenmusik
=260  \\$aBerlin$bMerseburger$c1950
=300  \\$a217 pages
=561  \\$aEx libris "Karl Tittel, Kantor und Organist" (stamp)
=648  \0$a20th Century (1901-2000)$1http://www.wikidata.org/entity/Q6927$920936
=650  \0$aProtestantism$1http://www.wikidata.org/entity/Q23540$921012
=650  \0$aChurch music$1http://www.wikidata.org/entity/Q8812109$92283
=650  \0$aProfessional$1http://www.wikidata.org/entity/Q702269$923223
=650  \0$aLaw$1http://www.wikidata.org/entity/Q7748$93727
=651  \0$1http://www.wikidata.org/entity/Q183$aGermany$9155
=942  \\$cBOO
=952  \\$00$10$2ddc$40$6TOP_DE_7_000000000000000$70$8TOP$911191$aORPH$bORPH$cKTS0$d2020-07-08$eKoopman$i44G28$l0$oTOP DE 7$p20126848$r2021-01-12 00:00:00$w2021-01-12$yBOO$OKoopman
=999  \\$d11204

