=LDR  01045cam a2200253 i 4500
=001  11205
=003  OSt
=005  20250120120212.0
=008  750421s1975\\\\gw\\\\\\\b\\\\000\0\ger\\
=020  \\$a3525571690 :$cDM16.80
=040  \\$aOI
=041  \\$ager
=100  \\$aSöhngen, Oskar$d1900-1983$4aut$1http://www.wikidata.org/entity/Q2034023$914133
=245  00$aErneuerte Kirchenmusik:$beine Streitschrift
=260  \\$aGöttingen$bVandenhoeck und Ruprecht$c1975
=300  \\$a91 pages$c24 cm.
=490  \\$aVeröffentlichungen der Evangelischen Gesellschaft für Liturgieforschung$v19
=504  \\$aIncludes bibliographical references.
=650  \0$aChurch music$1http://www.wikidata.org/entity/Q8812109$92283
=650  \0$aLute$1http://www.wikidata.org/entity/Q180733$93944
=651  \0$aGermany$1http://www.wikidata.org/entity/Q183$9155
=942  \\$cBOO
=952  \\$00$10$2ddc$40$6GEN_2_000000000000000$70$8GEN$911192$aORPH$bORPH$cKM12_1$d2020-07-08$eKoopman$i45E02$l0$oGEN 2$p20127488$r2021-01-12 00:00:00$w2021-01-12$yBOO
=999  \\$c11205$d11205

