=LDR  00937    a2200205   4500
=001  11206
=008  211006r19761903\\\|||||\||||\00|\0\ita\d
=041  \\$aita
=100  \\$aSolerti, Angelo$d1865-1907$4aut$1http://www.wikidata.org/entity/Q3617231$914134
=245  \\$aGli albori del melodramma
=260  \\$aBologna$bForni$c1903
=300  \\$a3 vols. in 1 (viii-168-xiv-356-388 pages)
=490  \\$aBibliotheca Musica Bononiensis, sezione 3$v46
=648  \0$a16th Century (1501-1600)$1http://www.wikidata.org/entity/Q7017$920944
=648  \0$a17th Century (1601-1700)$1http://www.wikidata.org/entity/Q7016$920923
=650  \0$aOpera$1http://www.wikidata.org/entity/Q1344$92468
=650  \0$aLibretto$1http://www.wikidata.org/entity/Q131084$94031
=942  \\$cBOO
=952  \\$00$10$2ddc$40$6TOP_IT_5_000000000000000$70$8TOP$911193$aORPH$bORPH$cKTS0$d2020-07-08$eKoopman$i20C30$oTOP IT 5$p20128082$r2021-01-12 00:00:00$w2021-01-12$yBOO
=999  \\$d11206

