=LDR  02713aam a2200301   4500
=001  11207
=005  20251001162312.0
=008  220812s1903\\\\||||||||\||||\00|\0\ita\d
=041  \\$aita
=100  \\$aSolerti, Angelo$d1865-1907$4edt$1http://www.wikidata.org/entity/Q3617231$914134
=245  \\$aLe origini del melodramma:$btestimonianze dei contemporanei
=260  \\$aTurin$bBocca$c1903
=505  \\$gLa rappresentazione di Anima e Corpo musicata da Emilio de' Cavalieri (1600) / A. Guidotti -- Prefazione a l'Euridice (1600) / O. Rinuccini -- Dedicatoria e Prefazione a l'Euridice (1600) / J. Peri -- Prefazione a l'Euridice (1600) / G. Caccini -- Dedicatoria e prefazione a Le Nuove Musiche (1601-1614-1615) / G. Caccini -- Dedicatoria e prefazione alla Dafne (1608) / M. da Gagliano -- Dedicatoria e prefazione all' Aretusa (1620) / F. Vitali -- Discorso sopra la musica de' suoi tempi (1628) / V. Giustiniani -- Estratto dalla Prima parte de' Discorsi e Regole sovra la musica / S. Bonini -- Lettera a G.B. Doni sull'origine del melodramma (1634) / P. de' Bardi -- Della musica dell'età nostra che non ä punto inferiore, anzi à migliore di quella dell'età passata (1640) / P. della Valle -- Carro di fedeltà d'Amore, posto in musica da Paolo Quagliati (1611) / Anonymous -- Descrizione delle opere sulla musica / G. B. Doni -- Estratti dal Trattato della Musica scenica / G. B. Doni -- Bibliografia delle prime favole per musica dal 1600 al 1640 -- Bibliografia di scritti sull'origine del melodramma
=648  \0$a17th Century (1601-1700)$1http://www.wikidata.org/entity/Q7016$920923
=650  \0$aOpera$1http://www.wikidata.org/entity/Q1344$92468
=650  \0$aMusic theory$1http://www.wikidata.org/entity/Q193544$92662
=650  \0$aMusic philosophy and aesthetics$1http://www.wikidata.org/entity/Q2092865$921165
=651  \0$aItaly$1http://www.wikidata.org/entity/Q38$922
=700  \\$4aut$aRinuccini, Ottavio$d1562-1621$1http://www.wikidata.org/entity/Q443900$922433
=700  \\$4aut$aPeri, Jacopo$d1561-1633$1http://www.wikidata.org/entity/Q205519$913225
=700  \\$4aut$aCaccini, Giulio$d1551-1618$1http://www.wikidata.org/entity/Q215308$923215
=700  \\$4aut$aGagliano, Marco da$d1582-1643$1http://www.wikidata.org/entity/Q540638$911007
=700  \\$4aut$aVitali, Filippo$d1590-1653$1http://www.wikidata.org/entity/Q3071924$924668
=700  \\$4aut$aBonini, Severo$d1582-1663$921046
=700  \\$4aut$aDoni, Giovanni Battista$d1595-1647$1http://www.wikidata.org/entity/Q2739207$97794
=942  \\$cBOO
=952  \\$00$10$2ddc$40$6TRE_SOLE$70$8TRE$911194$aORPH$bORPH$cKTS1_H$d2020-07-08$eKoopman$i20D01$l0$oTRE SOLE$p20125339$r2021-01-12 00:00:00$w2021-01-12$yBOO$OKoopman
=999  \\$d11207

