=LDR  00844    a2200181   4500
=001  11212
=008  211105s1969\\\\\\\a||||\||||\00|\0beng\d
=041  \\$aeng
=100  \\$aSomfai, László$d1934-$4aut$1http://www.wikidata.org/entity/Q442269$916254
=245  \\$aJoseph Haydn:$bHis Life in Contemporary Pictures
=260  \\$aLondon$bFaber and Faber$c1969
=600  \0$aHaydn, Joseph$d1732-1809$1http://www.wikidata.org/entity/Q7349$94783
=648  \0$a18th Century (1701-1800)$1http://www.wikidata.org/entity/Q7015$920899
=650  \0$aComposer$1http://www.wikidata.org/entity/Q36834$93625
=650  \0$aIconography$1http://www.wikidata.org/entity/Q208145$921259
=942  \\$cBOO
=952  \\$00$10$2ddc$40$6BIO_HAYD1_B$70$8BIO$911199$aORPH$bORPH$cKTS1_P$d2020-07-08$eKoopman$i20A31$oBIO HAYD1 b$p20128027$r2021-01-12 00:00:00$w2021-01-12$yBOO
=999  \\$d11212

