=LDR  00954cam a22002291a 4500
=001  11213
=005  20251031123906.0
=008  091109s1949\\\\nyu\\\\\\b\\\\000\0\eng\\
=040  \\$aOI
=041  \\$aeng
=100  \\$aSonneck, Oscar G.$d1873-1928$4aut$1http://www.wikidata.org/entity/Q3886456$914138
=245  10$aEarly Concert-Life in America (1731-1800)
=260  \\$aNew York$bMusurgia$c1949
=300  \\$a338 pages
=504  \\$aIncludes bibliographical references.
=648  \0$a18th Century (1701-1800)$1http://www.wikidata.org/entity/Q7015$920899
=650  \0$aMusic history$1http://www.wikidata.org/entity/Q846047$921373
=650  \0$aConcert$1http://www.wikidata.org/entity/Q182832$921044
=651  \0$aUSA$1http://www.wikidata.org/entity/Q30$943
=942  \\$cBOO
=952  \\$00$10$2ddc$40$6TOP_US_5_000000000000000$70$8TOP$911200$aORPH$bORPH$cKTS0$d2020-07-08$eKoopman$i28D60$l0$oTOP US 5$p20123549$r2021-01-12 00:00:00$w2021-01-12$yBOO
=999  \\$d11213

