=LDR  01696cam a22002891  4500
=001  11214
=005  20251003085458.0
=008  741204s1914\\\\dcuch\\\\bc\\f001\0\eng\\
=040  \\$aOI
=041  \\$aeng
=100  \\$4edt$aSonneck, Oscar G.$d1873-1928$1http://www.wikidata.org/entity/Q3886456$914138
=245  00$aCatalogue of Opera Librettos Printed Before 1800:$bLibrary of Congress
=260  \\$aWashington, DC$bGovernment Printing Office$c1914
=300  \\$a2 v.: ill.
=500  \\$aPaged continuously: v. 1, 1 p. l., 1172 p.; v. 2, 1 p. l., 1173-1674 p.
=500  \\$aThe entries, approximating 6,000 in number, are arranged alphabetically under title, and are accompanied by historical, descriptive and bibliographical notes.
=500  \\$aThe collection of Albert Schatz, purchased by the Library of Congress in 1908, forms the main part of this collection.
=505  0\$a1. Title catalogue
=505  0\$a2. Author list, composer list and aria index
=590  \\$aprepared by Oscar George Theodore Sonneck.
=610  \0$aLibrary of Congress (Washington DC, USA)$1http://www.wikidata.org/entity/Q131454$91690
=650  \0$aLibretto$1http://www.wikidata.org/entity/Q131084$94031
=650  \0$aCatalogue$1http://www.wikidata.org/entity/Q2352616$921484
=942  \\$cBOO
=952  \\$00$10$2ddc$3vol. 1$40$6BIB_4_000000000000000_US_WAS_SONN$70$8BIB$911201$aORPH$bORPH$cKTS0$d2020-07-08$eKoopman$i29E11$l0$oBIB4 US.WAS SONN$p20121284$r2021-01-12 00:00:00$w2021-01-12$yBOO
=952  \\$00$10$2ddc$3vol. 2$40$6BIB_4_000000000000000_US_WAS_SONN$70$8BIB$920353$aORPH$bORPH$cKTS0$d2020-07-08$eKoopman$i29E11$l0$oBIB4 US.WAS SONN$p20121283$r2021-07-06 00:00:00$w2021-01-12$yBOO
=999  \\$c11214$d11214

