=LDR  00916    a2200193   4500
=001  11216
=008  211001s1977\\\\\\\|||||\||||\00|\d\ger\d
=020  \\$a3423060719
=041  \\$ager$hgrc
=100  \\$aSophocles$d497/6 BC-406/5 BC$4aut$1http://www.wikidata.org/entity/Q7235$95568
=245  \\$aDie Tragödien
=260  \\$aMunich$bDeutscher Taschenbuch Verlag$c1977
=648  \0$aClassical Antiquity (8th Century BC-6th Century AD)$1http://www.wikidata.org/entity/Q486761$921435
=650  \0$aTransposition$1http://www.wikidata.org/entity/Q815323$93154
=651  \0$aGreece$1http://www.wikidata.org/entity/Q41$921778
=700  \\$4trl$aSolger, Karl Wilhelm Ferdinand$d1780-1819$1http://www.wikidata.org/entity/Q70660$922378
=942  \\$cBOO
=952  \\$00$10$2ddc$40$6LIT_SOPH_A$70$8LIT$911203$aORPH$bORPH$cKM12_2_H$d2020-07-08$eKoopman$fkoopman$i40F10$oLIT SOPH a$p20120242$r2021-01-12 00:00:00$w2021-01-12$yBOO
=999  \\$d11216

