=LDR  01281aam a2200241   4500
=001  11217
=008  250115s1958\\\\||||||||\||||\00|\f\fre\d
=041  \\$afre
=100  \\$aAdam, Antoine$920907$4edt
=245  \\$aRomanciers du XVIIe siècle
=260  \\$aParis$bGallimard$c1958
=490  \\$aBibliothèque de la Pléiade$v131
=505  \\$gHistoire Comique de Francion / Sorel -- Le Romant Comique / Scarron -- Le Roman Bourgeois / Furetière -- La Princesse de Clèves / La Fayette
=648  \0$a17th Century (1601-1700)$1http://www.wikidata.org/entity/Q7016$920923
=650  \0$aNovel$1http://www.wikidata.org/entity/Q8261$921629
=651  \0$aFrance$1http://www.wikidata.org/entity/Q142$9131
=700  \\$aSorel, Charles$csieur de Souvigny$d1600-1674$1http://www.wikidata.org/entity/Q751270$4aut$914140
=700  \\$aScarron, Paul$d1610-1660$1http://www.wikidata.org/entity/Q551725$4aut$96729
=700  \\$aFuretière, Antoine$d1619-1688$1http://www.wikidata.org/entity/Q586211$4aut$96238
=700  \\$aLa Fayette, Madame de$d1634-1693$1http://www.wikidata.org/entity/Q237090$4aut$910816
=942  \\$cBOO
=952  \\$00$10$2ddc$40$6LIT_SORE_A$70$8LIT$911204$aORPH$bORPH$cKM12_2_H$d2020-07-08$eKoopman$i44D35$oLIT SORE a$p20126604$r2021-01-12 00:00:00$w2021-01-12$yBOO
=999  \\$d11217

