=LDR  02358aam a2200241   4500
=001  11218
=008  241219s1990\\\\|||a||||\||||\00|\0\eng\d
=041  \\$aeng
=100  \\$aSorgeloos, Claude$4edt$914141
=245  \\$aLabore et Constantia 1589-1989.$bA collection of 510 editions issued by Christopher Plantin from 1555 till 1589
=260  \\$c1990$aBrussels$bSpeeckaert
=300  \\$a465 pages$bill.
=500  \\$aTer gelegenheid van de vierhonderdste verjaardag van het overlijden van Christoffel Plantijn in 1589 bracht de Brusselse boekhandelaar Eric Speeckaert een belangrijke collectie van meer dan 500 Plantijn-drukken bijeen. Geïnspireerd door een catalogus van drukken van de Estienne-familie, opgesteld in 1982 te New-York, wou Eric Speeckaert een gelijkaardige catalogus tot stand brengen voor drukken van Christoffel Plantijn.

De catalogus werd opgesteld door Claude Sorgeloos en van een inleiding voorzien door Prof. Dr. Leon Voet. In zijn inleiding ‘Plantin's everlasting fame’ beschrijft Sorgeloos kort leven en activiteit van Plantijn als drukker en geeft hij een beknopt overzicht van de aanwezigheid van Plantijn-drukken in enkele bibliotheek- en veiling-

[p. 211]
catalogi vanaf de dood van de aartsdrukker tot heden.

De collectie die Eric Speeckaert bijeen gebracht heeft is indrukwekkend. Niet alleen door het aantal en de kwaliteit van de drukken, maar ook door de mooie boekbanden en de herkomst van deze exemplaren. Daarbij spreken enkele van de vroegere bezitters van deze boeken tot de verbeelding: koning Hendrik III van Frankrijk, Jacques-Auguste de Thou, Jean-Baptiste Colbert en zoveel andere bekende boekenliefhebbers uit vroegere en moderne tijden.
=600  \0$aSpeeckaert, Eric$939350
=610  \0$aPlantijn (Antwerp, Belgium)$1http://www.wikidata.org/entity/Q5254948$924517
=650  \0$aPrinting$1http://www.wikidata.org/entity/Q11034$921936
=650  \0$aPublishing$1http://www.wikidata.org/entity/Q3972943$93049
=650  \0$aCollecting$1http://www.wikidata.org/entity/Q208165$92117
=651  \0$aAntwerp (Belgium)$1http://www.wikidata.org/entity/Q12892$920974
=700  \\$aVoet, L.$4win$915322
=942  \\$cBOO
=952  \\$00$10$2ddc$40$6BIB_4_000000000000000_BE_ANT$70$8BIB$911205$aORPH$bORPH$cKTS0$d2020-07-08$eKoopman$i25C39$l0$oBIB4 BE.ANT$p20129265$r2021-01-12 00:00:00$w2021-01-12$yBOO$OKoopman
=999  \\$d11218

