=LDR  02121aam a2200325   4500
=001  11220
=008  250603s1970\\\\||||||||\||||\001\0afre\d
=100  \\$aDufourcq, Norbert$d1904-1990$1http://www.wikidata.org/entity/Q221775$4edt$4win$918235
=245  \\$aLa musique à la cour de Louis XIV et de Louis XV d'après les Mémoires de Sourches et Luynes 1681-1758
=260  \\$c1970$aParis$bPicard
=300  \\$a[viii]-183 pages
=490  \\$aLa vie musicale en France sous les rois Bourbons$v17
=500  \\$aCopy 43C41= ex libris Gustav Leonhardt, contains his autograph indices and notes
=500  \\$aFrontispiece is reproduction of portrait of the Marquis de Sourches Family by F.H. Drouais (Chateau de Versailles)
=561  \\$aEx Libris Gustav Leonhardt (manuscript)
=600  \0$aLeonhardt, Gustav$d1928-2012$1http://www.wikidata.org/entity/Q51584$917151
=600  \0$aLouis XIV$cKing of France$d1638-1715$1http://www.wikidata.org/entity/Q7742$99829
=600  \0$aLouis XV$cKing of France$d1710-1774$1http://www.wikidata.org/entity/Q7738$98079
=650  \0$aMemoir$1https://www.wikidata.org/wiki/Q112983$939913
=650  \0$aBiography$1http://www.wikidata.org/entity/Q36279$91927
=650  \0$aMusic history$1http://www.wikidata.org/entity/Q846047$921373
=650  \0$aCourt$1http://www.wikidata.org/entity/Q1134237$922191
=650  \0$aCappella$1http://www.wikidata.org/entity/Q19902156$922910
=651  \0$aFrance$1http://www.wikidata.org/entity/Q142$9131
=700  \\$aDu Bouchet Sourches, Louis-François$d1645-1716$1http://www.wikidata.org/entity/Q93983303$4aut$914143
=700  1\$aLuynes, Charles-Philippe d'Albert,$cduc de,$d1695-1758$1http://www.wikidata.org/entity/Q2960005$4aut$940299
=942  \\$cBOO
=952  \\$00$10$2ddc$40$6TOP_FR_5_000000000000000$70$8TOP$911207$aORPH$bORPH$cKTS0$d2020-07-08$eKoopman$i20B47$l0$oTOP FR 5$p20127957$r2021-01-12 00:00:00$w2021-01-12$yBOO$OKoopman
=952  \\$00$10$2ddc$3Copy Gustav Leonhard$40$6TOP_FR_5_000000000000000$70$8TOP$926741$aORPH$bORPH$cKTS0$d2020-07-08$eKoopman$i43C41$l0$oTOP FR 5$p20127166$r2025-06-03 12:36:03$w2021-01-12$yBOO
=999  \\$d11220

