=LDR  01090acm a2200217   4500
=001  11222
=008  250310s1964\\\\||||||||\||||\00|\0\mul\d
=020  \\$a9789726660583
=041  \\$apor$eita
=100  \\$aSousa Carvalho, João de$d1745-1799/1800$1http://www.wikidata.org/entity/Q2247998$4cmp$914144
=245  \\$aL'Amore Industrioso
=260  \\$aLisbon$bGulbenkian - Serviço de Música$c1964
=300  \\$a2 volumes
=534  \\$aPremiered at the Teatro da Ajuda on 31 March 1769
=648  \0$a18th Century (1701-1800)$1http://www.wikidata.org/entity/Q7015$920899
=650  \0$aOpera buffa$1http://www.wikidata.org/entity/Q208080$926015
=651  \0$aPortugal$1http://www.wikidata.org/entity/Q45$9136
=942  \\$cSCO
=952  \\$00$10$2ddc$3vol. 1$40$6SCO_SOUS$70$8SCO$911209$aORPH$bORPH$cKTS1_P$d2020-07-08$eKoopman$iW.2366-a$l0$oSCO SOUS$p20121916$r2021-01-12 00:00:00$w2021-01-12$ySCO$OW.2366-a
=952  \\$00$10$2ddc$3vol. 2$40$6SCO_SOUS$70$8SCO$911210$aORPH$bORPH$cKTS1_P$d2020-07-08$eKoopman$iW.2366-b$l0$oSCO SOUS$p20121917$r2021-01-12 00:00:00$w2021-01-12$ySCO$OW.2366-b
=999  \\$d11222

