=LDR  00946aam a2200217   4500
=001  11227
=005  20250920142930.0
=008  211223s1978\\\\\\\|||||\||||\00|\0\ger\d
=041  \\$ager
=100  \\$aSpahr, Gebhard$4aut$923742
=245  \\$aOberwäbische Barockstraße:$bWangen bis Ulm-Wiblingen
=260  \\$aWeingarten$bBeerbaum$c1978
=561  \\$aSigned by the author
=648  \0$a17th Century (1601-1700)$1http://www.wikidata.org/entity/Q7016$920923
=648  \0$a18th Century (1701-1800)$1http://www.wikidata.org/entity/Q7015$920899
=650  \0$aBaroque$1http://www.wikidata.org/entity/Q37853$921255
=650  \0$aArchitecture$1http://www.wikidata.org/entity/Q12271$93185
=651  \0$aUpper Swabia (Germany)$1http://www.wikidata.org/entity/Q445702$923319
=942  \\$cBOO
=952  \\$00$10$2ddc$40$6TOP_DE_UPP$70$8TOP$911214$aORPH$bORPH$cKTS0$d2020-07-08$eKoopman$i24E55$oTOP DE.UPP$p20125895$r2021-01-12 00:00:00$w2021-01-12$yBOO
=999  \\$d11227

