=LDR  00925aam a2200205   4500
=001  11230
=008  240507s1996\\\\||||||||\c|||\00|\0\ita\d
=041  \\$aita
=100  \\$aSpanò, Gabriella$914150$4aut
=245  \\$aIl fondo di musica strumentale Ricardi di Netro a Udine
=260  \\$aGiulia$bMusica & Ricerca nel Friuli-Venezia$c1996
=300  \\$a187 pages
=490  \\$aAssociazione per la Ricerca delle fonti musicali nel Friuli-Venezia Giulia
=650  \0$aLibrary$1http://www.wikidata.org/entity/Q7075$94229
=650  \0$aInstrumental music$1http://www.wikidata.org/entity/Q639197$92106
=651  \0$aUdine (Italy)$1http://www.wikidata.org/entity/Q2790$927336
=700  \\$aNassimbeni, Lorenzo$4edt$927335
=942  \\$cBOO
=952  \\$00$10$2ddc$40$6BIB_4_000000000000000_IT_UDI$70$8BIO$911217$aORPH$bORPH$cKTS0$d2020-07-08$eKoopman$i28E21$l0$oBIB4 IT.UDI$p20121364$r2021-01-12 00:00:00$w2021-01-12$yBOO$OKoopman
=999  \\$d11230

