=LDR  00900cam a2200229 i 4500
=001  11231
=005  20250708140050.0
=008  751113s1975\\\\nyua\\\\\bc\\\000\0\eng\\
=020  \\$a006430034X :$c$5.95
=040  \\$aOI
=100  \\$aSpear, Richard E.$d1940-$914151
=245  10$aCaravaggio and his followers /$cby Richard E. Spear.
=250  \\$aRev. ed.
=260  \\$aNew York :$bHarper & Row,$cc1975.
=300  \\$ax, 244 p. :$bill. ;$c24 cm.
=490  0\$aIcon editions ; IN-34
=504  \\$aBibliography: p. 231-242.
=650  \0$aBaroque$1http://www.wikidata.org/entity/Q37853$921255
=600  \0$aCaravaggio, Michelangelo Merisi da$d1573-1610$1http://www.wikidata.org/entity/Q42207$913988
=942  \\$cBOO
=952  \\$00$10$2ddc$40$6BIO_CARA_C$70$8BIO$911218$aORPH$bORPH$cKTS1_P$d2020-07-08$eKoopman$i24C60$l0$oBIO CARA c$p20128992$r2021-01-12 00:00:00$w2021-01-12$yBOO$OKoopman
=999  \\$c11231$d11231

