=LDR  00382    a2200109   4500
=001  11232
=100  \\$aSpechtshart von Reu$914152
=245  \\$aHugo Spechtshart von Reutlingen,
=260  \\$c1958
=942  \\$cBOO
=952  \\$00$10$2ddc$40$6BIO_SPEC_E$70$8BIO$911219$aORPH$bORPH$cKTS1_P$d2020-07-08$eKoopman$i44B12$l0$oBIO SPEC e$p20126700$r2021-01-12 00:00:00$w2021-01-12$yBOO$OKoopman
=999  \\$c11232$d11232

