=LDR  00549    a2200181   4500
=001  11235
=003  OSt
=005  20230123100115.0
=008  210209b\\\\\\\\\\\|||||\||||\00|\0\eng\d
=040  \\$cST
=041  \\$adut
=100  \\$aSpelberg, E. D.$4aut$914156
=245  \\$aMuziek en Religie
=260  \\$c1924$aAmsterdam,$bH.J. Paris
=300  \\$a74 pages
=942  \\$cBOO$2ddc
=952  \\$00$10$2ddc$40$6GEN_2_000000000000000$70$8GEN$911222$aORPH$bORPH$cKM12_1$d2020-07-08$eKoopman$l0$oGEN 2$p20130314$r2021-01-12 00:00:00$w2021-01-12$yBOO
=999  \\$c11235$d11235

