=LDR  00921    a2200181   4500
=001  11236
=008  210611s1927\\\\\\\|||||\||||\00|\0\ger\d
=041  \\$ager
=100  \\$aSpengler, Oswald$d1880-1936$4aut$1http://www.wikidata.org/entity/Q57112$914157
=245  \\$aDer Untergang des Abendlandes:$bUmrisse einer Morphologie der Weltgeschichte
=260  \\$aMunich$bBeck$c1927
=561  \\$aEx libris Laura Dobbenga
=650  \0$aHistory$1http://www.wikidata.org/entity/Q309$921403
=650  \0$aPhilosophy$1http://www.wikidata.org/entity/Q5891$92357
=942  \\$cBOO
=952  \\$00$10$2ddc$3vol. 1$40$6PHI_SPEN_A$70$8PHI$911223$aORPH$bORPH$cKM12_3_2$d2020-07-08$eKoopman$i43E08-1$oPHI SPEN a$p20132876$r2021-01-12 00:00:00$w2021-01-12$yBOO
=952  \\$00$10$2ddc$3vol. 2$40$6PHI_SPEN_A$70$8PHI$911224$aORPH$bORPH$cKM12_3_2$d2020-07-08$eKoopman$i43E08-2$oPHI SPEN a$p20132875$r2021-01-12 00:00:00$w2021-01-12$yBOO
=999  \\$c11236$d11236

