=LDR  00822aam a2200205   4500
=001  11238
=008  231210r19701912||||||||\||||\00|\p\eng\d
=041  \\$aeng
=100  \\$aSpenser, Edmund$d1552-1599$4aut$96694
=245  \\$aPoetical Works
=260  \\$aLondon$bOxford University Press$c1970
=534  \\$a1912
=648  \0$a16th Century (1501-1600)$1http://www.wikidata.org/entity/Q7017$920944
=650  \0$aPoetry$1http://www.wikidata.org/entity/Q482$93026
=651  \0$aUnited Kingdom$1http://www.wikidata.org/entity/Q21$9273
=700  \\$aSmith, John Christopher$d1683-1763$4edt$910324
=700  \\$aSelincourt, Ernest de$4edt$926823
=942  \\$cBOO
=952  \\$00$10$2ddc$40$6LIT_SPEN_A$70$8LIT$911225$aORPH$bORPH$cKM12_2_H$d2020-07-08$eKoopman$i40A17$oLIT SPEN a$p20120344$r2021-01-12 00:00:00$w2021-01-12$yBOO
=999  \\$d11238

