=LDR  00755    a2200193   4500
=001  11239
=008  220131s1929\\\\gw\af|||\||||\00|\0\ger\d
=041  \\$ager
=100  \\$aSpies, Hermann$4aut$914159
=245  \\$aDie Salzburger Grossen Domorgeln
=260  \\$c1929$aAugsburg$aVienna$bBenno Filser
=300  \\$a72 pages
=336  \\$aprinted
=648  \0$aPast$1http://www.wikidata.org/entity/Q192630$922196
=650  \0$aOrgan$1http://www.wikidata.org/entity/Q1444$92810
=651  \0$aSalzburg (Austria)$1http://www.wikidata.org/entity/Q34713$921433
=942  \\$cBOO
=952  \\$00$10$2ddc$40$6INS_3_000000000000000_1E_AT_SAL$70$8INS$911226$aORPH$bORPH$cKTS0$d2020-07-08$eKoopman$i24A59$oINS3.1e AT.SAL$p20128760$r2021-01-12 00:00:00$w2021-01-12$yBOO
=999  \\$d11239

