=LDR  01164cam a2200277 a 4500
=001  11240
=005  20250120120206.0
=008  000223s1999\\\\ne\a\\\\\b\\\\001\e\eng\\
=020  \\$a9053564004
=040  \\$aOI
=041  \\$aeng
=100  \\$aSpies, Marijke$4aut$910978
=245  10$aRhetoric, Rhetoricians, and Poets:$bStudies in Renaissance Poetry and Poetics
=260  \\$aAmsterdam$bAmsterdam University Press$c1999
=300  \\$a169 p. :$bill. ;$c24 cm.
=504  \\$aIncludes bibliographical references (p. [135]-155) and index.
=590  \\$aMarijke Spies ; eds., Henk Duits and Ton van Strien.
=648  \0$aRenaissance (1400-1600)$1http://www.wikidata.org/entity/Q4692$920965
=650  \0$aPoetry$1http://www.wikidata.org/entity/Q482$93026
=650  \0$aRhetoric$1http://www.wikidata.org/entity/Q81009$93894
=650  \0$aRhetoricians$1http://www.wikidata.org/entity/Q1483341$92186
=700  \\$aDuits, H.$4edt$914160
=700  \\$aStrien, Ton van$4edt$914161
=942  \\$cBOO
=952  \\$00$10$2ddc$40$6LIT_SPIE_A$70$8LIT$911227$aORPH$bORPH$cKM12_2_H$d2020-07-08$eKoopman$i19D29$oLIT SPIE a$p20127839$r2021-01-12 00:00:00$w2021-01-12$yBOO
=999  \\$d11240

