=LDR  01434aam a2200253   4500
=001  11243
=008  220126s1974\\\\||||||||\||||\00|\0bdut\d
=041  \\$adut
=100  \\$aSpiessens, Godelieve$d1932-2020$4aut$914162
=245  \\$aLeven en werk van de Antwerpse luitcomponist Emanuel Adriaenssen (ca.1554-1604)
=260  \\$aBrussels$bKoninklijke Academie voor Wetenschapppen, Letteren en Schone Kunsten$c1974
=300  \\$a2 vols. (480+274 pages)
=490  \\$aKlasse der schone kunsten$vJaargang 36, nr. 28
=600  \0$aAdriaenssen, Emanuel$d1554-1604$1http://www.wikidata.org/entity/Q2787750$924070
=648  \0$a16th Century (1501-1600)$1http://www.wikidata.org/entity/Q7017$920944
=650  \0$aBiography$1http://www.wikidata.org/entity/Q36279$91927
=650  \0$aComposer$1http://www.wikidata.org/entity/Q36834$93625
=650  \0$aInstrumentalist$1http://www.wikidata.org/entity/Q1278335$921706
=650  \0$aLute$1http://www.wikidata.org/entity/Q180733$93944
=651  \0$aAntwerp (Belgium)$1http://www.wikidata.org/entity/Q12892$920974
=942  \\$cBOO
=952  \\$00$10$2ddc$3II. Muzikale bloemlezing $40$6BIO_ADRI_D$70$8BIO$911229$aORPH$bORPH$cKTS1_P$d2020-07-08$eKoopman$i20G40$oBIO ADRI d$p20128147$r2021-01-12 00:00:00$w2021-01-12$yBOO
=952  \\$00$10$2ddc$3I. Tekst$40$6BIO_ADRI_D$70$8BIO$911230$aORPH$bORPH$cKTS1_P$d2020-07-08$eKoopman$i28C05$oBIO ADRI d$p20121444$r2021-01-12 00:00:00$w2021-01-12$yBOO
=999  \\$d11243

