=LDR  01051aam a2200217   4500
=001  11244
=005  20250926134856.0
=008  230508s1973\\\\|||g||||\||||\00|\0\ger\d
=041  \\$ager
=100  \\$aSpindler, W.$4aut$914163
=245  \\$aDas Verhältnis zwischen Wort und Ton in den Kantaten Johann Sebastian Bachs:$bDie musikalische Umsetzung der Rezitativtexte
=260  \\$aErlangen-Nürnberg$bKrautwurst$c1973
=561  \\$aAutograph signature by the author to Dr Krautwurst
=600  \0$1http://www.wikidata.org/entity/Q1339$aBach, Johann Sebastian$d1685-1750$94766
=648  \0$1http://www.wikidata.org/entity/Q7015$a18th Century (1701-1800)$920899
=650  \0$1http://www.wikidata.org/entity/Q7250675$aProsody$926155
=650  \0$1http://www.wikidata.org/entity/Q202534$aRecitative$93699
=651  \0$1http://www.wikidata.org/entity/Q183$aGermany$9155
=942  \\$cBOO
=952  \\$00$10$40$6BIO_BACH1_E$70$8BIO$911231$aORPH$bORPH$cKTS1_P$d2020-07-08$eKoopman$i44A23$oBIO BACH1 e$p20126723$r2021-01-12 00:00:00$w2021-01-12$yBOO$OKoopman
=999  \\$d11244

