=LDR  00593    a2200169   4500
=001  11248
=008  210420r19761894\\\|||||\||||\00|\0\ger\d
=020  \\$a3487060779
=041  \\$ager
=100  \\$aSpitta, Philipp$95082$4aut
=245  \\$aMusikgeschichtliche Aufsätze
=260  \\$c1976$aHildesheim$bGeorg Olms
=300  \\$a470 pages
=942  \\$cBOO
=952  \\$00$10$2ddc$40$6TRE_SPIT$70$8TRE$911235$aORPH$bORPH$cKTS1_H$d2020-07-08$eKoopman$i20D43$l0$oTRE SPIT$p20125358$r2021-01-12 00:00:00$w2021-01-12$yBOO
=999  \\$c11248$d11248
=650  \0$aMusic history$1http://www.wikidata.org/entity/Q846047$921373

