=LDR  01672cam a2200349 a 4500
=001  11254
=003  OSt
=005  20250121142127.0
=008  040803s2004\\\\enkagf\\\b\\\\001\0\eng\\
=010  \\$a  2004301429
=015  \\$aGBA3-W5950
=020  \\$a0198164343
=035  \\$a(OCoLC)ocm52485404
=040  \\$aUKM$cUKM$dOCLCQ$dC#P$dDLC
=041  \\$aeng
=100  \\$aSpitzer, John,$d-1945$4aut$914167
=245  14$aThe Birth of the Orchestra:$bHistory of an Institution, 1650-1815
=260  \\$aOxford$aNew York$bOxford University Press$c2004
=300  \\$axviii, 614 pages, [16] pages of plates :$bill., music ;$c26 cm.
=504  \\$aIncludes bibliographical references (p. [553]-591) and index.
=648  \0$a17th Century (1601-1700)$1http://www.wikidata.org/entity/Q7016$920923
=648  \0$a18th Century (1701-1800)$1http://www.wikidata.org/entity/Q7015$920899
=648  \0$a19th Century (1801-1900)$1http://www.wikidata.org/entity/Q6955$920935
=650  \0$aOrchestra$1http://www.wikidata.org/entity/Q42998$93159
=650  \0$aMusic history$1http://www.wikidata.org/entity/Q846047$921373
=700  \\$aZaslaw, Neal$d-1939$4aut$914168
=856  \\$uhttp://www.loc.gov/catdir/enhancements/fy0620/2004301429-d.html$3Publisher description
=856  \\$uhttp://www.loc.gov/catdir/enhancements/fy0620/2004301429-t.html$3Table of contents only
=856  \\$uhttp://www.loc.gov/catdir/enhancements/fy0723/2004301429-b.html$3Contributor biographical information
=942  \\$cBOO
=952  \\$00$10$2ddc$40$6GEN_14_000000000000000$70$8GEN$911241$aORPH$bORPH$cKM12_1$d2020-07-08$eKoopman$l0$oGEN 14$p20129338$r2021-01-12 00:00:00$w2021-01-12$yBOO
=999  \\$c11254$d11254

