=LDR  01218aam a2200229   4500
=001  11257
=008  220530s1997\\\\|||gd|||\bm||\000\0deng\d
=041  \\$aeng
=100  \\$aSpringthorpe, Nigel Richard$4aut$914171
=245  \\$aPassion Composition and Composers of Passion Music Associated with the Court of Anhalt-Zerbst
=260  \\$aSurrey$c1997$bSurrey University Dept. of Music
=300  \\$axiv-490 pages
=590  \\$aDissertation presented for the degree of Doctor of Philosophy
=648  \0$a18th Century (1701-1800)$1http://www.wikidata.org/entity/Q7015$920899
=650  \0$aPassion$1http://www.wikidata.org/entity/Q781815$92006
=650  \0$aMusic history$1http://www.wikidata.org/entity/Q846047$921373
=650  \0$aCourt$922191
=651  \0$aZerbst (Germany)$1http://www.wikidata.org/entity/Q155981$923424
=942  \\$cDIS
=952  \\$00$10$2ddc$3vol. 1$40$6TOP_DE_ZER_5_000000000000000$70$8TOP$911244$aORPH$bORPH$cKTS0$d2020-07-08$eKoopman$i47B23$oTOP DE.ZER 5$p20121490$r2021-01-12 00:00:00$w2021-01-12$yDIS
=952  \\$00$10$2ddc$3vol. 2$40$6TOP_DE_ZER_5_000000000000000$70$8TOP$911245$aORPH$bORPH$cKTS0$d2020-07-08$eKoopman$i47B23$oTOP DE.ZER 5$p20121489$r2021-01-12 00:00:00$w2021-01-12$yDIS
=999  \\$d11257

