=LDR  01222aam a2200205   4500
=001  11259
=008  230523s1969\\\\||||||||\||||\00|\0\dut\d
=041  \\$adut
=100  \\$aSpruit, J. E.$4aut$914172
=245  \\$aVan vedelaars, trommers en pijpers
=260  \\$aUtrecht$bOosthoek$c1969
=520  \\$aDit rijk geïllustreerde boekje vertelt op vlotte toon het een en ander over middeleeuwse muzikanten, hun leven, hun rechtspositie, hun verhouding met de kerk, hun functie in de stad en hun organisatievormen.
De auteur heeft zich niet beperkt tot een bepaalde periode of een bepaalde regio, maar brengt alles met alles in verband. groepering tot onderwerp heeft. 
=648  \0$1http://www.wikidata.org/entity/Q12554$aMiddle Ages (500-1400)$920964
=650  \0$1http://www.wikidata.org/entity/Q846047$aMusic history$921373
=650  \0$1http://www.wikidata.org/entity/Q1278335$aInstrumentalist$921706
=650  \0$1http://www.wikidata.org/entity/Q7748$aLaw$93727
=650  \0$1http://www.wikidata.org/entity/Q21201$aSociology$924938
=942  \\$cBOO
=952  \\$00$10$2ddc$40$6GHM_3_000000000000000$70$8GHM$911246$aORPH$bORPH$cKM12_1$d2020-07-08$eKoopman$i34A38$l0$oGHM3$p20122624$r2021-01-12 00:00:00$w2021-01-12$yBOO
=999  \\$d11259

