=LDR  00678aam a2200169   4500
=001  11260
=008  230209s1966\\\\|||a||||\||||\00|\0\ita\d
=041  \\$aita
=100  \\$aSricchia Santoro, Fiorella$4aut$914173
=245  \\$aClassicismo e Manierismo nel Nord
=260  \\$aFabbri$bMilan$c1966
=490  \\$aI maestri del colore$v261
=648  \0$a16th Century (1501-1600)$1http://www.wikidata.org/entity/Q7017$920944
=650  \0$aFine art$1http://www.wikidata.org/entity/Q219625$921579
=942  \\$cBOO
=952  \\$00$10$2ddc$40$6VIS_XL_SANT$70$8VIS$911247$aORPH$bORPH$cKTS1_H$d2020-07-08$eKoopman$i25F22$l0$oVIS XL SANT$p20129410$r2021-01-12 00:00:00$w2021-01-12$yBOO$OKoopman
=999  \\$d11260

