=LDR  01848cam a2200385 i 4500
=001  11262
=005  20250926134856.0
=008  150309s2015\\\\gw\ag\\\\bm\\\000\0\ger\d
=010  \\$a  2014565588
=016  7\$a1060340895$2GyFmDB
=020  \\$a9783631650400$q(pbk.)
=020  \\$a363165040X$q(pbk.)
=020  \\$z9783653040593$q(online)
=035  \\$a(OCoLC)ocn896817625
=035  \\$a(OCoLC)896817625$z(OCoLC)894540716
=040  \\$aOHX$beng$erda$cOHX$dOCLCQ$dYDXCP$dBTCTA$dDEBSZ$dNOC$dCHVBK$dDLC
=042  \\$alccopycat
=043  \\$ae-gx---
=072  \7$aML$2lcco
=100  \\$aStadnitschenko, Wladimir$4aut$914175
=245  10$aZachows Kantaten:$bQuellen - Stil - Kontext
=260  \\$aFrankfurt am Main$bAcademic Research$bPeter Lang$c2015
=300  \\$axvii-518 pages$billustrations, music$c24 cm
=490  1\$aEuropäische Hochschulschriften. Reihe XXXVI, Musikwissenschaft$x0721-3611$vBand 274$aPublications universitaires Européennes. Serie 36, Musicologie$v274$aEuropean University Studies. Series 36, Musicology$v274
=504  \\$aIncludes bibliographical references.
=600  \0$aZachow, Friedrich Wilhelm$d1663-1712$1http://www.wikidata.org/entity/Q77368$97224
=600  \0$aBach, Johann Sebastian$d1685-1750$1http://www.wikidata.org/entity/Q1339$94766
=648  \0$a18th Century (1701-1800)$1http://www.wikidata.org/entity/Q7015$920899
=650  \0$aOrgan$1http://www.wikidata.org/entity/Q1444$92810
=650  \0$aMusic history$1http://www.wikidata.org/entity/Q846047$921373
=650  \0$aCantata$1http://www.wikidata.org/entity/Q174873$921603
=651  \0$1http://www.wikidata.org/entity/Q183$aGermany$9155
=942  \\$cBOO
=952  \\$00$10$2ddc$40$6BIO_ZACH2_E$70$8BIO$911249$aORPH$bORPH$cKTS1_P$d2020-07-08$eKoopman$i44E40$l0$oBIO ZACH2 e$p20126558$r2021-01-12 00:00:00$w2021-01-12$yBOO$OKoopman
=999  \\$d11262

