=LDR  01280aam a2200253   4500
=001  11263
=005  20250925163442.0
=008  220415s1942\\\\gw\\||||\||||\00|\0\ger\d
=041  \\$ager
=100  \\$aStahl, Wilhelm$d1872-1953$4aut$1http://www.wikidata.org/entity/Q2575213$914177
=245  \\$aDie Totentanz Orgel der Marienkirche zu Lübeck
=260  \\$aMainz$bRheingold$c1942
=300  \\$a20 pages
=600  \0$aTunder, Franz$d1614-1667$1http://www.wikidata.org/entity/Q698358$914483
=600  \0$aBuxtehude, Dietrich$d1637-1707$1http://www.wikidata.org/entity/Q153637$910062
=600  \0$aSchnitger, Arp$d1648-1719$1http://www.wikidata.org/entity/Q60787$910906
=610  \0$aMarienkirche (Lübeck, Germany)$1http://www.wikidata.org/entity/Q695065$91740
=648  \0$a17th Century (1601-1700)$1http://www.wikidata.org/entity/Q7016$920923
=650  \0$aOrgan$1http://www.wikidata.org/entity/Q1444$92810
=650  \0$aOrganology$1http://www.wikidata.org/entity/Q899293$921400
=651  \0$aLübeck (Germany)$1http://www.wikidata.org/entity/Q2843$9125
=942  \\$cBOO
=952  \\$00$10$2ddc$40$6INS_3_000000000000000_1E_DE_LUB$70$8INS$911250$aORPH$bORPH$cKTS0$d2020-07-08$eKoopman$i19F04$l1$oINS3.1e DE.LUB$p20125267$r2024-10-30 17:32:34$s2024-09-26$w2021-01-12$yBOO
=999  \\$d11263

