=LDR  01042aam a2200205   4500
=001  11265
=008  230331s1926\\\\||||||||\||||\00|\0cger\d
=041  \\$ager
=100  \\$aStahl, Wilhelm$d1872-1953$4aut$1http://www.wikidata.org/entity/Q2575213$914177
=245  \\$aFranz Tunder und Dietrich Buxtehude:$bEin biographischer Versuch
=260  \\$aLeipzig$bKistner & Siegel$c1926
=600  \0$aTunder, Franz$d1614-1667$1http://www.wikidata.org/entity/Q698358$914483
=600  \0$aBuxtehude, Dietrich$d1637-1707$1http://www.wikidata.org/entity/Q153637$910062
=648  \0$a17th Century (1601-1700)$1http://www.wikidata.org/entity/Q7016$920923
=650  \0$aComposer$1http://www.wikidata.org/entity/Q36834$93625
=650  \0$aBiography$1http://www.wikidata.org/entity/Q36279$91927
=651  \0$aLübeck (Germany)$1http://www.wikidata.org/entity/Q2843$9125
=942  \\$cBOO
=952  \\$00$10$2ddc$40$6BIO_TUND_E$70$8BIO$911252$aORPH$bORPH$cKTS1_P$d2020-07-08$eKoopman$i32C35$oBIO TUND e$p20122884$r2021-01-12 00:00:00$w2021-01-12$yBOO$OKoopman
=999  \\$d11265

