=LDR  01344aas a2200241   4500
=001  11266
=008  230331s1937\\\\||||||||\||||\00|\0\ger\d
=041  \\$ager
=100  \\$aStahl, Wilhelm$d1872-1953$4aut$1http://www.wikidata.org/entity/Q2575213$914177
=245  \\$aZeitschrift des Vereins für Lübeckische Geschichte und Altertumskunde$nBand XXIX, Heft 1
=260  \\$aLübeck$bErnst Robert$c1937
=300  \\$a64 pages
=520  \\$aDie Lübecker Abendmusiken im 17. Jahrhundert und 18. Jahrhundert
=648  \0$a17th Century (1601-1700)$1http://www.wikidata.org/entity/Q7016$920923
=648  \0$a18th Century (1701-1800)$1http://www.wikidata.org/entity/Q7015$920899
=650  \0$aMusic history$1http://www.wikidata.org/entity/Q846047$921373
=650  \0$aConcert$1http://www.wikidata.org/entity/Q182832$921044
=650  \0$aAbendmusik$1http://www.wikidata.org/entity/Q318973$926413
=651  \0$aLübeck (Germany)$1http://www.wikidata.org/entity/Q2843$9125
=942  \\$cPER
=952  \\$00$10$2ddc$3Sonderdruck: Beitrag W. Stahl$40$6TOP_DE_LUB$70$8TOP$911253$aORPH$bORPH$cKTS0$d2020-07-08$eKoopman$i32C39$l0$oTOP DE.LUB$p20122880$r2021-01-12 00:00:00$w2021-01-12$yPER
=952  \\$00$10$2ddc$40$6TOP_DE_LUB$70$8TOP$911257$aORPH$bORPH$cKTS0$d2020-07-08$eKoopman$i45A17$l0$oTOP DE.LUB$p20127432$r2021-01-12 00:00:00$w2021-01-12$yPER
=999  \\$d11266

