=LDR  01000aam a2200205   4500
=001  11267
=008  230331s1927\\\\||||||||\||||\00|\0\ger\d
=041  \\$ager
=100  \\$aStahl, Wilhelm$d1872-1953$4aut$1http://www.wikidata.org/entity/Q2575213$914177
=245  \\$aMusik-Bücher der Lübecker Stadtbibliothek
=260  \\$aLübeck$bVerlag der Lübecker Stadtbibliothek$c1927
=300  \\$a42 pages
=490  \\$aVeröffentlichungen der Stadtbibliothek der Freien und Hansestadt Lübeck$vViertes Stück, 1
=610  \0$aBibliothek der Hansestadt Lübeck (Germany)$91314
=650  \0$aLibrary$1http://www.wikidata.org/entity/Q7075$94229
=650  \0$aMusic history$1http://www.wikidata.org/entity/Q846047$921373
=651  \0$aLübeck (Germany)$1http://www.wikidata.org/entity/Q2843$9125
=942  \\$cBOO
=952  \\$00$10$2ddc$40$6BIB_4_000000000000000_DE_LUB$70$8BIB$911254$aORPH$bORPH$cKTS0$d2020-07-08$eKoopman$i35E13_01$l0$oBIB4 DE.LUB$p20122500$r2021-01-12 00:00:00$w2021-01-12$yBOO$OKoopman
=999  \\$d11267

