=LDR  01524aam a2200265   4500
=001  11268
=008  230331s1931\\\\||||||||\||||\00|\0\ger\d
=041  \\$ager
=100  \\$aStahl, Wilhelm$d1872-1953$4aut$1http://www.wikidata.org/entity/Q2575213$914177
=245  \\$aDie Musik-Abteilung der Lübecker in ihren älteren Beständen:$bNoten und Bücher aus der Zeit vom 12. bis zum Anfang des 19. Jahrhunderts
=260  \\$aLübeck$bVerlag der Lübecker Stadtbibliothek$c1931
=300  \\$a62 pages
=490  \\$aVeröffentlichungen der Stadtbibliothek der Freien und Hansestadt Lübeck$vViertes Stück, 2
=610  \0$aBibliothek der Hansestadt Lübeck (Germany)$91314
=648  \0$aMiddle Ages (500-1400)$1http://www.wikidata.org/entity/Q12554$920964
=648  \0$aRenaissance (1400-1600)$1http://www.wikidata.org/entity/Q4692$920965
=648  \0$a17th Century (1601-1700)$1http://www.wikidata.org/entity/Q7016$920923
=648  \0$a18th Century (1701-1800)$1http://www.wikidata.org/entity/Q7015$920899
=648  \0$a19th Century (1801-1900)$1http://www.wikidata.org/entity/Q6955$920935
=650  \0$aLibrary$1http://www.wikidata.org/entity/Q7075$94229
=650  \0$aMusic history$1http://www.wikidata.org/entity/Q846047$921373
=651  \0$aLübeck (Germany)$1http://www.wikidata.org/entity/Q2843$9125
=942  \\$cBOO
=952  \\$00$10$2ddc$40$6BIB_4_000000000000000_DE_LUB$70$8BIB$911255$aORPH$bORPH$cKTS0$d2020-07-08$eKoopman$i35E13_02$l0$oBIB4 DE.LUB$p20122499$r2021-01-12 00:00:00$w2021-01-12$yBOO$OKoopman
=999  \\$d11268

