=LDR  01079aam a2200229   4500
=001  11269
=008  230331s1952\\\\||||||||\||||\00|\0bger\d
=041  \\$ager
=100  \\$aStahl, Wilhelm$d1872-1953$4aut$1http://www.wikidata.org/entity/Q2575213$914177
=245  \\$aDietrich Buxtehude
=260  \\$aKassel$bBärenreiter$c1952
=534  \\$aOriginally published in 1937
=561  \\$aEx libris F. W. Riedel (ms.)
=600  \0$aBuxtehude, Dietrich$d1637-1707$1http://www.wikidata.org/entity/Q153637$910062
=648  \0$a17th Century (1601-1700)$1http://www.wikidata.org/entity/Q7016$920923
=648  \0$a18th Century (1701-1800)$1http://www.wikidata.org/entity/Q7015$920899
=650  \0$aComposer$1http://www.wikidata.org/entity/Q36834$93625
=650  \0$aBiography$1http://www.wikidata.org/entity/Q36279$91927
=651  \0$aLübeck (Germany)$1http://www.wikidata.org/entity/Q2843$9125
=942  \\$cBOO
=952  \\$00$10$2ddc$40$6BIO_BUXT_D$70$8BIO$911256$aORPH$bORPH$cKTS1_P$d2020-07-08$eKoopman$i44E57$oBIO BUXT d$p20126541$r2021-01-12 00:00:00$w2021-01-12$yBOO$OKoopman
=999  \\$d11269

