=LDR  03660cam a2200361 a 4500
=001  11273
=008  030731i20042012deua\\\\\b\\\\001\0\eng\\
=020  \\$a906194239X (vol. 1)
=020  \\$a9061943493 (vol. 2)
=020  \\$a9789061944591 (vol. 3)
=020  \\$a9789061942900 (vol. 4)
=020  \\$a9789061943204 (vol. 5) 
=041  1\$aeng$hgre
=100  \\$aStaikos, Konstantinos Sp.$4aut$914180
=245  14$aThe History of the Library in Western Civilization$nvols. 1-5
=250  \\$a1st English ed.
=260  \\$aNew Castle$bOak Knoll$a't-Goy-Houten$bHES & De Graaf$aAthens$bKotinos$c2004; 2005; 2007; 2010; 2012
=300  \\$a5 vols.$billustrations (some color)$c30 cm
=500  \\$aA sixth volume, containing an epilogue and general index, was published in 2013
=504  \\$aIncludes bibliographical references and indexes.
=505  1\$a1. From Minos to Cleopatra : the Greek world from the Minoans' archival libraries to the universal library of the Ptolemies -- 2. The Roman world from Cicero to Hadrian : the Roman world from the beginnings of Latin literature to the monumental and private libraries of the Empire -- 3. The Byzantine world from Constantine the Great to Cardinal Bessarion :  imperial, monastic, school, and private libraries in the Byzantine world  -- 4. The Medieval world in the West from Cassiodorus to Furnival : classical and Christian letters, schools and libraries in the monasteries and universities, Western book centres -- 5. The Renaissance from Petrarch to Michelangelo : the revival of the study of the classics and the first humanistic libraries printing in the service of the world of books and monumental libraries.
=648  \0$aPast$1http://www.wikidata.org/entity/Q192630$922196
=650  \0$aLibrary$1http://www.wikidata.org/entity/Q7075$94229
=650  \0$aCollecting$1http://www.wikidata.org/entity/Q208165$92117
=700  \\$4trl$aCullen, Timothy$924564
=765  \\$aHistoria tēs vivliothēkēs ston Dytiko politismo
=942  \\$cBOO
=952  \\$00$10$2ddc$3vol. 1: From Minos to Cleopatra. The Greek World from the Minoans' Archival Libraries to the Universal Library of the Ptolemies$40$6BIB_1_000000000000000_STAI$70$8BIB$911260$aORPH$bORPH$cKTS0$d2020-07-08$eKoopman$i30C01_01$l0$oBIB1 STAI$p20121249$r2021-01-12 00:00:00$w2021-01-12$yBOO
=952  \\$00$10$2ddc$3vol. 2: From Cicero to Hadrian. The Roman World from the Beginnigs of Latin Literature to the Monumental and Private Libraries of the Empire$40$6BIB_1_000000000000000_STAI$70$8BIB$911261$aORPH$bORPH$cKTS0$d2020-07-08$eKoopman$i30C01_02$l0$oBIB1 STAI$p20121248$r2021-01-12 00:00:00$w2021-01-12$yBOO
=952  \\$00$10$2ddc$3vol. 3: From Constantine the Great to Cardinal Bessarion; Imperial, Monastic, School and Private Libraries in the Byzantine World$40$6BIB_1_000000000000000_STAI$70$8BIB$911262$aORPH$bORPH$cKTS0$d2020-07-08$eKoopman$i30C01_03$l0$oBIB1 STAI$p20121247$r2021-01-12 00:00:00$w2021-01-12$yBOO
=952  \\$00$10$2ddc$3vol. 4: From Cassiodorus to Furnival. Classic and Christian Letters, Schools and Libraries in the Monasteries and Universities, Western Book Centers$40$6BIB_1_000000000000000_STAI$70$8BIB$911263$aORPH$bORPH$cKTS0$d2020-07-08$eKoopman$i30C01_04$l0$oBIB1 STAI$p20121246$r2021-01-12 00:00:00$w2021-01-12$yBOO
=952  \\$00$10$2ddc$3vol. 5: From Petrarch to Michelangelo. The Revival of the Study of the Classics and the First Humanistic Libraries Printing in the Service of the World of Books and Monumental Libraries$40$6BIB_1_000000000000000_STAI$70$8BIB$911264$aORPH$bORPH$cKTS0$d2020-07-08$eKoopman$i30C01_05$l0$oBIB1 STAI$p20121245$r2021-01-12 00:00:00$w2021-01-12$yBOO
=999  \\$d11273

