=LDR  01018aam a2200217   4500
=001  11282
=008  240516s1975\\\\||||||||\||||\00|\0bdut\d
=041  \\$adut
=100  \\$aStam, F. C.$914184$4aut
=245  \\$aJan Pieterszoon Sweelinck
=260  \\$aAmsterdam$c1975
=600  \0$aSweelinck, Jan Pieterszoon$d1562-1621$1http://www.wikidata.org/entity/Q110294$911454
=648  \0$a16th Century (1501-1600)$1http://www.wikidata.org/entity/Q7017$920944
=648  \0$a17th Century (1601-1700)$1http://www.wikidata.org/entity/Q7016$920923
=650  \0$aComposer$1http://www.wikidata.org/entity/Q36834$93625
=650  \0$aOrganist$1http://www.wikidata.org/entity/Q765778$94471
=650  \0$aBiography$1http://www.wikidata.org/entity/Q36279$91927
=651  \0$aAmsterdam (Netherlands)$1http://www.wikidata.org/entity/Q727$9135
=942  \\$cBOO
=952  \\$00$10$2ddc$40$6BIO_SWEE1_D$70$8BIO$911269$aORPH$bORPH$cKTS1_P$d2020-07-08$eKoopman$i33F31$l0$oBIO SWEE1 d$p20120887$r2021-01-12 00:00:00$w2021-01-12$yBOO$OKoopman
=999  \\$d11282

