=LDR  01265nam a2200265 a 4500
=001  11283
=005  20251027125338.0
=008  841221s1982\\\\it\afo\\\\\\\\000\0\ger\|
=041  \\$ager
=100  \\$aAmmon, Walther$914187$4edt
=245  10$aWohnkultur in Südtirol.$bVom Mittelalter bis zur Gegenwart
=260  \\$aBozen$bAthesia$c1982
=300  \\$a260-[2] pages
=650  \0$aOrnamentation$1http://www.wikidata.org/entity/Q739589$922524
=650  \0$aInterior design$1http://www.wikidata.org/entity/Q179232$921367
=650  \0$aArchitecture$1http://www.wikidata.org/entity/Q12271$93185
=650  \0$aFine art$1http://www.wikidata.org/entity/Q219625$921579
=650  \0$aCultural history$1http://www.wikidata.org/entity/Q858517$922395
=651  \0$aItaly$1http://www.wikidata.org/entity/Q38$922
=651  \0$aSouth Tyrol$1http://www.wikidata.org/entity/Q2381560$1http://www.wikidata.org/entity/Q15124$941658
=700  \\$aKofler, Oswald$914186$4aut
=700  \\$aStampfer, Helmut$d-1948$1http://www.wikidata.org/entity/Q1604221$914185$4aut
=942  \\$cBOO
=952  \\$00$10$2ddc$40$6TOP_IT_SOU_0_000000000000000$70$8TOP$911270$aORPH$bORPH$cKTS0$d2020-07-08$eKoopman  $i21G31$l0$oTOP IT.SOU 0$p20125556$r2021-01-12 00:00:00$w2021-01-12$yBOO$OKoopman
=999  \\$d11283

