=LDR  01176cam a2200265 a 4500
=001  11284
=005  20250121142127.0
=008  850919s1984\\\\gw\g\\\\\b\\\\001\0\ger\\
=020  \\$a3876161126
=040  \\$aOI
=041  \\$ager
=100  \\$aStampfl, Inka$4aut$914188
=245  10$aGeorg Muffat:$bOrchesterkompositionen. Ein musikhistorischer Vergleich der Orchestermusik, 1670-1710
=260  \\$aPassau:$bPassavia$c1984
=300  \\$a288 pages$bmusic$c25 cm
=504  \\$aBibliography: p. 276-284.
=600  \0$aMuffat, Georg$d1653-1704$1http://www.wikidata.org/entity/Q170401$97221
=648  \0$a17th Century (1601-1700)$1http://www.wikidata.org/entity/Q7016$920923
=648  \0$a18th Century (1701-1800)$1http://www.wikidata.org/entity/Q7015$920899
=650  \0$aOrchestral music$1http://www.wikidata.org/entity/Q3328774$924356
=650  \0$aMusical analysis$1http://www.wikidata.org/entity/Q1544924$92775
=651  \0$aAustria$1http://www.wikidata.org/entity/Q40$9202
=942  \\$cBOO
=952  \\$00$10$2ddc$40$6BIO_MUFF_E$70$8BIO$911271$aORPH$bORPH$cKTS1_P$d2020-07-08$eKoopman$i33C16$l0$oBIO MUFF e$p20123010$r2021-01-12 00:00:00$w2021-01-12$yBOO$OKoopman
=999  \\$d11284

