=LDR  01328aam a2200241   4500
=001  11287
=008  240308i19661967|||g||||\||||\00|\p\dut\d
=041  \\$adut
=100  \\$aStarter, Jan Jansz.$d1593-1626$1http://www.wikidata.org/entity/Q2304207$4aut$97903
=245  \\$aFriesche Lust-Hof
=260  \\$aZwolle$bTjeenk Willink$c1966-7
=300  \\$a2 volumes
=490  \\$aZwolse drukken en herdrukken voor de Maatschappij der Nederlandse Letterkunde te Leiden$v49
=590  \\$aUitgegeven naar de eerste druk (1621) en van inleiding en aantekeningen voorzien door dr. J. H. Brouwer
=648  \0$a17th Century (1601-1700)$1http://www.wikidata.org/entity/Q7016$920923
=650  \0$aSong$1http://www.wikidata.org/entity/Q7366$94164
=651  \0$aNetherlands$1http://www.wikidata.org/entity/Q55$9173
=700  \\$aBrouwer, J. H.$4edt$927150
=700  \\$aVeldhuyzen, Marie$d1907-1989$1http://www.wikidata.org/entity/Q72938707$4edt$915224
=942  \\$cBOO
=952  \\$00$10$2ddc$3Deel I: Teksten$40$6LIT_STAR_A$70$8LIT$911274$aORPH$bORPH$cKM12_2_H$d2020-07-08$eKoopman$i37E33_01$oLIT STAR a$p20120505$r2021-01-12 00:00:00$w2021-01-12$yBOO
=952  \\$00$10$2ddc$3Deel II: Melodieën$40$6LIT_STAR_A$70$8LIT$911275$aORPH$bORPH$cKM12_2_H$d2020-07-08$eKoopman$i37E33$oLIT STAR a$p20120504$r2021-01-12 00:00:00$w2021-01-12$yBOO
=999  \\$d11287

