=LDR  01824cam a2200337 a 4500
=001  11290
=005  20250926134856.0
=008  900508s1990\\\\nyuacfh\\b\\\\001\0deng\\
=020  \\$a0938856049
=040  \\$aOI
=041  1\$aeng$hger
=100  \\$aForkel, Johann Nikolaus$d1749-1818$1http://www.wikidata.org/entity/Q57922$99221$4crp
=245  14$aThe Forkel-Hoffmeister & Kühnel Correspondence:$bA Document of the Early 19th-Century Bach Revival
=260  \\$aNew York, NY$bPeters$c1990
=300  \\$axxviii-151 pages, [14] pages of plates$billustrations, portraits, music, facsimiles$c24 cm
=504  \\$aIncludes bibliographical references and index.
=600  \0$aBach, Johann Sebastian$d1685-1750$1http://www.wikidata.org/entity/Q1339$94766
=610  \0$aHoffmeister & Kühnel (Leipzig, Germany)$91584
=648  \0$a18th Century (1701-1800)$1http://www.wikidata.org/entity/Q7015$920899
=648  \0$a19th Century (1801-1900)$1http://www.wikidata.org/entity/Q6955$920935
=650  \0$aComposer$1http://www.wikidata.org/entity/Q36834$93625
=650  \0$aLegacy$1http://www.wikidata.org/entity/Q623282$922131
=650  \0$aCorrespondence$1http://www.wikidata.org/entity/Q1784733$921392
=650  \0$aEarly music$1http://www.wikidata.org/entity/Q436016$93160
=651  \0$aGermany$1http://www.wikidata.org/entity/Q183$9155
=700  \\$aHoffmeister, Franz Anton$d1754-1812$1http://www.wikidata.org/entity/Q706138$96204$4crp
=700  \\$aKühnel, Ambrosius$d1771-1813$1http://www.wikidata.org/entity/Q16669604$939791$4crp
=700  \\$aStauffer, George B.$d1947-$1http://www.wikidata.org/entity/Q111750367$4edt$914195
=942  \\$cBOO
=952  \\$00$10$2ddc$40$6BIO_BACH1_E$70$8BIO$911277$aORPH$bORPH$cKTS1_P$d2020-07-08$eKoopman$i28B36$oBIO BACH1 e$p20121471$r2021-01-12 00:00:00$w2021-01-12$yBOO
=999  \\$d11290

