=LDR  03890aam a2200481   4500
=001  11291
=005  20250926134856.0
=008  250507s1994\\\\||||||||\||||\00|\0deng\d
=020  \\$a0713452625
=041  \\$aeng
=100  \\$aStauffer, George B.$d1947-$1http://www.wikidata.org/entity/Q111750367$914195$4aut
=245  \\$aJ. S. Bach as Organist:$bHis Instruments, Music, and Performance Practices
=260  \\$aLondon$bBatsford$c1986
=490  \\$aFestschrift Series$v12
=505  \\$gWhy an acqaintance with early organs is essential for playing Bach / M. C. Alain -- The "Great Eighteen" chorales: Bach's revisional process and the Genesis of the work / W. Breig -- Bach's influence on late twentieth-century american organ building / J. Brombaugh -- Organs played and tested by J. S. Bach / U. Dähnert -- The metaphorical soloists: concerted organ parts in Bach's cantatas / L. Dreyfus -- Bach organs in Thuringia / H. Haupt -- French influence in Bach's organ works / V. Horn -- Bach's free organ works and the Stylus Phantasticus / F. Krummacher -- Organ or "Klavier"? Instrumental prescriptions in the sources of Bach's keyboard works / R. L. Marshall -- The types, uses, and historical position of Bach's organ chorales / E. May -- Bach's organ registration reconsidered / G. B. Stauffer -- Fugue types in Bach's free organ works / G. B. Stauffer -- Bach's organ transcription of Vivaldi's "Grosso Mogul" concerto / L. F. Tagliavini -- North German organ building of the late seventeenth century: registration and tuning / H. Vogel -- The snares and delusions of notation: Bach's early organ works / P. Williams -- Bach's personal copy of the Schübler chorales / C. Wolff -- Johann Adam Reinken and Johann Sebastian Bach: on the context of Bach's early works / C. Wolff
=600  \0$aBach, Johann Sebastian$d1685-1750$1http://www.wikidata.org/entity/Q1339$94766
=600  \0$aVivaldi, Antonio$d1678-1741$1http://www.wikidata.org/entity/Q1340$911980
=600  \0$aReincken, Johann Adam$d1623-1722$1http://www.wikidata.org/entity/Q526500$923014
=648  \0$a17th Century (1601-1700)$1http://www.wikidata.org/entity/Q7016$920923
=648  \0$a18th Century (1701-1800)$1http://www.wikidata.org/entity/Q7015$920899
=650  \0$aOrganist$1http://www.wikidata.org/entity/Q765778$94471
=650  \0$aOrganology$1http://www.wikidata.org/entity/Q899293$921400
=650  \0$aLegacy$1http://www.wikidata.org/entity/Q623282$922131
=650  \0$aCantata$1http://www.wikidata.org/entity/Q174873$921603
=650  \0$aOrgan$1http://www.wikidata.org/entity/Q1444$92810
=650  \0$aObbligato$1http://www.wikidata.org/entity/Q2012827$926772
=650  \0$aInfluence$1http://www.wikidata.org/entity/Q1307337$1http://www.wikidata.org/entity/Q16578639$922289
=650  \0$aStylus phantasticus$1http://www.wikidata.org/entity/Q1891058$923505
=650  \0$aKeyboard instrument$1http://www.wikidata.org/entity/Q52954$92849
=650  \0$aChorale$1http://www.wikidata.org/entity/Q724473$921334
=650  \0$aOrgan registration$1http://www.wikidata.org/entity/Q7309439$923402
=650  \0$aConcerto$1http://www.wikidata.org/entity/Q9748$921817
=650  \0$aArrangement$1http://www.wikidata.org/entity/Q379755$94282
=650  \0$aTuning$1http://www.wikidata.org/entity/Q858576$921655
=650  \0$aTemperament$1http://www.wikidata.org/entity/Q55073971$921656
=651  \0$aGermany$1http://www.wikidata.org/entity/Q183$9155
=651  \0$aThuringia (Germany)$1http://www.wikidata.org/entity/Q1205$922311
=651  \0$aUSA$1http://www.wikidata.org/entity/Q30$943
=651  \0$aFrance$1http://www.wikidata.org/entity/Q142$9131
=700  \\$aSaunders, Russell$d1921-1992$4dte$913708
=942  \\$cBOO
=952  \\$00$10$2ddc$40$6BIO_BACH1_E$70$8BIO$911278$aORPH$bORPH$cKTS1_P$d2020-07-08$eKoopman$i33A16$oBIO BACH1 e$p20123041$r2021-01-12 00:00:00$w2021-01-12$yBOO
=999  \\$d11291

