=LDR  00987aam a2200229   4500
=001  11292
=005  20250926134856.0
=008  250507s1980\\\\||||||||\||||\00|\0\eng\d
=041  \\$aeng
=100  \\$aStauffer, George B.$d1947-$914195$4aut
=245  \\$aThe Organ Preludes of Johann Sebastian Bach
=260  \\$aAnn Arbor, MI$bUMI Research Press$c1980
=490  \\$aStudies in Musicology$v27
=500  \\$aPhotocopy
=600  \0$aBach, Johann Sebastian$d1685-1750$1http://www.wikidata.org/entity/Q1339$94766
=648  \0$a18th Century (1701-1800)$1http://www.wikidata.org/entity/Q7015$920899
=650  \0$aPrelude$1http://www.wikidata.org/entity/Q212148$921947
=650  \0$aOrgan music$1http://www.wikidata.org/entity/Q116958279$91951
=651  \0$aGermany$1http://www.wikidata.org/entity/Q183$9155
=942  \\$cBOO
=952  \\$00$10$2ddc$40$6BIO_BACH1_E$70$8BIO$911279$aORPH$bORPH$cKTS1_P$d2020-07-08$eKoopman$i33A17$oBIO BACH1 e$p20123040$r2021-01-12 00:00:00$w2021-01-12$yBOO
=999  \\$d11292

