=LDR  01015cam a2200241 a 4500
=001  11293
=005  20250120120208.0
=008  820506s1982\\\\miua\\\\\b\\\\001\0beng\\
=020  \\$a0835713520
=040  \\$aOI
=100  \\$aSteadman, David W.$914198
=245  10$aAbraham Van Diepenbeeck :$bseventeenth century Flemish painter /$cby David W. Steadman.
=260  \\$aAnn Arbor, Mich. :$bUMI Research Press,$cc1982.
=300  \\$axiv, 189 p. :$bill. ;$c24 cm.
=504  \\$aBibliography: p. [181]-183.
=600  \0$aDiepenbeeck, Abraham van$d1596-1675$914199
=650  \0$aPainter$1http://www.wikidata.org/entity/Q1028181$93914
=700  \\$aDiepenbeeck, Abraham van$d1596-1675$914199
=942  \\$cBOO
=952  \\$00$10$2ddc$40$6BIO_VAND4_D$70$8BIO$911280$aORPH$bORPH$cKTS1_P$d2020-07-08$eKoopman$i40E11$l0$oBIO VAND4 d$p20120262$r2021-01-12 00:00:00$w2021-01-12$yBOO$OKoopman
=999  \\$c11293$d11293
=490  \\$aStudies in baroque art history ;$vno. 5
=650  \0$aBiography$1http://www.wikidata.org/entity/Q36279$91927

