=LDR  01148cam a2200265 a 4500
=001  11294
=005  20250925143259.0
=008  940203s1993\\\\-usac\\\\bk\\\001\0\eng\\
=041  \\$aeng
=100  \\$aSteane, John Barry$4aut$1http://www.wikidata.org/entity/Q6104756$914200
=245  14$aThe Grand Tradition.$bSeventy Years of Singing on Record
=250  \\$a2nd ed.
=260  \\$aPortland$bAmadeus Press$c1993
=300  \\$axv-628 pages
=336  \\$aprinted
=504  \\$aIncludes bibliographical references (p. [611]-612), discographical references, and index.
=561  \\$aEx Libris Ton Koopman
=648  \0$a20th Century (1901-2000)$1http://www.wikidata.org/entity/Q6927$920936
=650  \0$aSinger$1http://www.wikidata.org/entity/Q177220$93915
=650  \0$aSinging$1http://www.wikidata.org/entity/Q27939$92767
=650  \0$aMusic history$1http://www.wikidata.org/entity/Q846047$921373
=651  \0$aEurope$1http://www.wikidata.org/entity/Q46$991
=942  \\$cBOO
=952  \\$00$10$2ddc$40$6INS_2A$70$8INS$911281$aORPH$bORPH$cKTS0$d2020-07-08$eKoopman$i21C20$l1$oINS2a$p20128219$r2024-11-04 12:51:36$s2024-10-02$w2021-01-12$yBOO
=999  \\$d11294

