=LDR  01669aam a2200265   4500
=001  11296
=005  20251003085458.0
=008  220315s1983\\\\||||||||\c|||\00|\0\mul\d
=041  \\$alat$acze$ager$aeng
=100  \\$aStefan, J.$914202
=245  \\$aEcclesia Metropolitana Pragensis Catalogus Collectionis Operum Artis Musicæ
=260  \\$c1983$aPrague$bSupraphon
=300  \\$a2 vols. (480 + 512 pages)
=490  \\$aCatalogus Artis Musicæ in Bohemia et Moravia$vIV/1-2
=590  \\$aPars prima: auctorum nominibus signata opera manu scripta A-K. 
Pars secunda: auctorum nominibus signata opera manu scripta L-Z, opera manu scripta anonyma, quaedam monogramatis signata, opera typis exscripta
=610  \0$aSt. Vitus Cathedral (Prague, Czech Republic)$1http://www.wikidata.org/entity/Q5949$923804
=650  \0$aManuscript$1http://www.wikidata.org/entity/Q87167$92275
=650  \0$aCatalogue$1http://www.wikidata.org/entity/Q2352616$921484
=650  \0$aLibrary$1http://www.wikidata.org/entity/Q7075$94229
=650  \0$aMusic history$1http://www.wikidata.org/entity/Q846047$921373
=651  \0$aPrague (Czech Republic)$1http://www.wikidata.org/entity/Q1085$923092
=942  \\$cBOO
=952  \\$00$10$2ddc$3vol. 1: Auctorum nominibus Signata opera manu scripta A-K$40$6BIB_4_000000000000000_CZ_PRA$70$8BIB$911283$aORPH$bORPH$cKTS0$d2020-07-08$eKoopman$i34A15$oBIB4 CZ.PRA$p20122648$r2021-01-12 00:00:00$w2021-01-12$yBOO
=952  \\$00$10$2ddc$3vol. 2: Auctorum nominibus signata opera manu scripta L-Z$40$6BIB_4_000000000000000_CZ_PRA$70$8BIB$911284$aORPH$bORPH$cKTS0$d2020-07-08$eKoopman$i34A16$oBIB4 CZ.PRA$p20122643$r2021-01-12 00:00:00$w2021-01-12$yBOO
=999  \\$d11296

