=LDR  00975aam a2200205   4500
=001  11299
=008  250821s1964\\\\||||||||\m|||\00|\0bdut\d
=041  \\$adut
=100  \\$aSteffens, G.A.$914204$4aut
=245  \\$aPieter Nieuwland en het evenwicht
=260  \\$aZwolle$bTjeenk Willink$c1964
=600  \0$aNieuwland, Pieter$d1764-1794$1http://www.wikidata.org/entity/Q2094270$95211
=648  \0$a18th Century (1701-1800)$1http://www.wikidata.org/entity/Q7015$920899
=650  \0$aMaritime transport$1http://www.wikidata.org/entity/Q155930$924925
=650  \0$aPoet$1http://www.wikidata.org/entity/Q49757$92954
=650  \0$aBiography$1http://www.wikidata.org/entity/Q36279$91927
=651  \0$aNetherlands$1http://www.wikidata.org/entity/Q55$1http://www.wikidata.org/entity/Q29999$9173
=942  \\$cBOO
=952  \\$00$10$2ddc$40$6BIO_NIEU_E$70$8BIO$911286$aORPH$bORPH$cKTS1_P$d2020-07-08$eKoopman$i46D27$oBIO NIEU e$p20127680$r2021-01-12 00:00:00$w2021-01-12$yBOO$OKoopman
=999  \\$d11299

