=LDR  00383    a2200109   4500
=001  11301
=100  \\$aSteglich, Rudolf$d1886-1976$914206
=245  \\$aDie Quaestiones in Musica
=260  \\$c1910
=942  \\$cBOO
=952  \\$00$10$2ddc$40$6BIO_RUDO_E$70$8BIO$911288$aORPH$bORPH$cKTS1_P$d2020-07-08$eKoopman$i44B14$l0$oBIO RUDO e$p20126698$r2021-01-12 00:00:00$w2021-01-12$yREC$OKoopman
=999  \\$c11301$d11301

