=LDR  00369    a2200109   4500
=001  11302
=100  \\$aSteglich, Rudolf$d1886-1976$914206
=245  \\$aJohann Sebastian Bach
=260  \\$c1935
=942  \\$cBOO
=952  \\$00$10$2ddc$40$6BIO_BACH1_D$70$8BIO$911289$aORPH$bORPH$cKTS1_P$d2020-07-08$eKoopman$i44C27$oBIO BACH1 d$p20126644$r2021-01-12 00:00:00$w2021-01-12$yBOO
=999  \\$c11302$d11302

