=LDR  01328aam a2200241   4500
=001  11303
=008  250423s1912\\\\|||\||||\m|||\00|\0|ger\d
=041  \\$ager
=100  \\$aStein, Fritz$d1879-1961$1http://www.wikidata.org/entity/Q108300$914207
=245  \\$aZur Geschichte der Musik in Heidelberg
=260  \\$c1912$aHeidelberg$bHörning
=300  \\$a152 pages
=500  \\$aErstes Buch. Die Musik am kurzpfälzischen Hofe zu Heidelberg
=500  \\$aZweites Buch. Die Musik in der Stadt Heidelberg bis zum Ende des 18. Jahrhunderts
=590  \\$aInaugural-Dissertation zur Erlangung der Doktorwürde der hohen philosophischen Fakultät der Grossh. Badischen Ruprecht-Karls-Universität zu Heidelberg
=648  \0$aRenaissance (1400-1600)$1http://www.wikidata.org/entity/Q4692$920965
=648  \0$a17th Century (1601-1700)$1http://www.wikidata.org/entity/Q7016$920923
=648  \0$a18th Century (1701-1800)$1http://www.wikidata.org/entity/Q7015$920899
=650  \0$aMusic history$1http://www.wikidata.org/entity/Q846047$921373
=651  \0$aHeidelberg (Germany)$1http://www.wikidata.org/entity/Q2966$921984
=942  \\$cBOO
=952  \\$00$10$2ddc$40$6TOP_DE_HEI1_4_000000000000000$70$8TOP$911290$aORPH$bORPH$cKTS0$d2020-07-08$eKoopman$i44B07$l0$oTOP DE.HEI1 4$p20126705$r2021-01-12 00:00:00$w2021-01-12$yBOO$OKoopman
=999  \\$d11303

