=LDR  00388    a2200121   4500
=001  11304
=020  \\$a3980620808
=100  \\$aStein, I.$914208
=245  \\$aChristus, dir lebe ich
=260  \\$c1998
=942  \\$cBOO
=952  \\$00$10$2ddc$40$6BIO_SCHU5_E$70$8BIO$911291$aORPH$bORPH$cKTS1_P$d2020-07-08$eKoopman$i23G03$oBIO SCHU5 e$p20125786$r2021-01-12 00:00:00$w2021-01-12$yBOO$OKoopman
=999  \\$c11304$d11304

