=LDR  00900    a2200217   4500
=001  11309
=008  211220s1971\\\\\\\|||||\||||\00|\0\ger\d
=041  \\$ager
=100  \\$aStein, Werner$4aut$919200
=245  \\$aKulturfahrplan:$bDie wichtigsten Daten der Kulturgeschichte von Anbeginn bis 1969
=250  \\$aRev. ed.
=260  \\$aMunich$aBerlin$aVienna$bHerbig$c1971
=300  \\$a1564 pages
=534  \\$aOriginally published in 1946
=590  \\$aVöllig neu durchgesehene und erweiterte Gesamtausgabe
=648  \0$aPast$1http://www.wikidata.org/entity/Q192630$922196
=650  \0$aChronology$1http://www.wikidata.org/entity/Q130788$922826
=650  \0$aCuckoo$1http://www.wikidata.org/entity/Q18845$922474
=942  \\$cBOO
=952  \\$00$10$2ddc$40$6REF_1_000000000000000$70$8REF$911296$aORPH$bORPH$cKM12_1$d2020-07-08$eKoopman$i42C04$oREF1$p20122068$r2021-01-12 00:00:00$w2021-01-12$yBOO
=999  \\$d11309

