=LDR  00969cam a22002291  4500
=001  11310
=005  20250120120257.0
=008  750107s1973\\\\gw\\\\\\\b\\\\000\0\ger\\
=020  \\$a3873970511
=040  \\$aOI
=100  \\$aSteinbeck, Wolfram$914210
=245  14$aDas Menuett in der Instrumentalmusik Joseph Haydns /$cWolfram Steinbeck.
=260  \\$aMünchen :$bE. Katzbichler,$c1973.
=300  \\$a175 p. :$bill., music ;$c25 cm.
=504  \\$aBibliography: p. 169-171.
=600  \0$aHaydn, Joseph$d1732-1809$1http://www.wikidata.org/entity/Q7349$94783
=650  \0$aMinuet$1http://www.wikidata.org/entity/Q205734$93918
=942  \\$cBOO
=952  \\$00$10$2ddc$40$6BIO_HAYD1_E$70$8BIO$911297$aORPH$bORPH$cKTS1_P$d2020-07-08$eKoopman$i32F02$l0$oBIO HAYD1 e$p20123100$r2021-01-12 00:00:00$w2021-01-12$yBOO$OKoopman
=999  \\$c11310$d11310
=490  \\$aFreiburger Schriften zur Musikwissenschaft,$vBd. 4
=650  \0$aMusic history$1http://www.wikidata.org/entity/Q846047$921373

