=LDR  00847    a2200193   4500
=001  11311
=008  210525s1900\\\\\\\|||||\||||\00|\0aeng\d
=041  \\$aeng
=100  \\$aSteinert, Morris$d1831-1912$4aut$1http://www.wikidata.org/entity/Q17425818$914212
=245  \\$aReminiscences
=260  \\$aNew York$aLondon$bKnickerbocker$c1900
=648  \0$a19th Century (1801-1900)$1http://www.wikidata.org/entity/Q6955$920935
=650  \0$aOrganology$1http://www.wikidata.org/entity/Q899293$921400
=650  \0$aBiography$1http://www.wikidata.org/entity/Q36279$91927
=651  \0$aUSA$1http://www.wikidata.org/entity/Q30$943
=700  \\$4edt$aMarlin, J.$921565
=942  \\$cBOO
=952  \\$00$10$2ddc$40$6BIO_STEI1_A$70$8BIO$911298$aORPH$bORPH$cKTS1_P$d2020-07-08$eKoopman$i33E30$l0$oBIO STEI1 a$p20120959$r2021-01-12 00:00:00$w2021-01-12$yBOO
=999  \\$c11311$d11311

