=LDR  02431aam a2200445   4500
=001  11312
=005  20251003085458.0
=008  210525s1893\\\\-usfo|||\||||\00|\0\eng\d
=041  \\$aeng
=100  \\$aSteinert, Morris$d1831-1912$4col$4aut$1http://www.wikidata.org/entity/Q17425818$914212
=245  \\$aThe M. Steinert Collection of Keyed Instruments.$bWith Various Treatises on the History of These Instruments, the Method of Playing Them, and Their Influence on Musical Art
=260  \\$aNew York$bTretbar$c1893
=300  \\$a170 pages
=561  \\$aHandwritten dedication by L. F. Steinway to Paul Bilhuber (whose handwritten ex libris is also found inside), Dec 1919
=610  \0$aMorris Steinert Collection of Musical Instruments (Yale University, New Haven, CT, USA)$1http://www.wikidata.org/entity/Q8047439$923110
=648  \0$a19th Century (1801-1900)$1http://www.wikidata.org/entity/Q6955$920935
=650  \0$aOrganology$1http://www.wikidata.org/entity/Q899293$921400
=650  \0$aCatalogue$1http://www.wikidata.org/entity/Q2352616$921484
=650  \0$aKeyboard instrument$1http://www.wikidata.org/entity/Q52954$92849
=651  \0$aUSA$1http://www.wikidata.org/entity/Q30$943
=653  \0$aarpeggione$3166$020127201$w16D26$928803
=653  \0$aCouchet$332$020127201$w16D26$930778
=653  \0$apsalterium$370, 71$020127201$w16D26$936252
=653  \0$afortepiano$339-65, 72-93, 113-119$020127201$w16D26$931832
=653  \0$agamba$3156-162$020127201$w16D26$931995
=653  \0$aviola d'amore$3167, 168$020127201$w16D26$937580
=653  \0$aviola pomposa$3164?$020127201$w16D26$937587
=653  \0$aviool$3141-150$020127201$w16D26$937605
=653  \0$aJSB_en klavichord$397-108$020127201$w16D26$933260
=653  \0$aKirkman$336-38$020127201$w16D26$933421
=653  \0$aklavecimbel$323-38, 68-69$020127201$w16D26$933450
=653  \0$aklavecimbel_Engeland, 18e$329, 36-38$020127201$w16D26$933484
=653  \0$aklavichord$315-21, 97-108$020127201$w16D26$933553
=653  \0$aRuckers$326-28$020127201$w16D26$938619
=653  \\$aHass$333-35$020127201$w16D26$932602
=653  \\$aHitchcock$329$020127201$w16D26$932800
=653  \\$amoeder-kind virginaal$326, 27$020127201$w16D26$934798
=942  \\$cBOO
=952  \\$00$10$2ddc$40$6KTS_1_000000000000000_C1_21_16D26$70$8RAR$911299$aORPH$bORPH$cKTS1_C1$d2020-07-08$eKoopman$oKTS1 C1.21 16D26$p20127201$r2021-01-12 00:00:00$w2021-01-12$yBOO
=999  \\$d11312

