=LDR  00921cam a2200205 a 4500
=001  11313
=008  011005s2001\\\\gw\a\\\\\b\\\\000\0dger\d
=041  \\$ager
=100  \\$aSteinhaus, Hans$4aut$923596
=245  10$aWege zu Dom Bédos.$bDaten, Dokumente, Deutungsversuche
=260  \\$aCologne$bDohr$c2001
=300  \\$a157 pages$billustrations$c24 cm
=504  \\$aIncludes bibliographical references (p. 145-155).
=600  \0$aDom Bédos de Celles$d1709-1779$1http://www.wikidata.org/entity/Q928760$95880
=648  \0$a18th Century (1701-1800)$1http://www.wikidata.org/entity/Q7015$920899
=650  \0$aOrgan$1http://www.wikidata.org/entity/Q1444$92810
=651  \0$aFrance$1http://www.wikidata.org/entity/Q142$9131
=942  \\$cBOO
=952  \\$00$10$2ddc$40$6INS_3_000000000000000_1B_BEDO$70$8BIO$911300$aORPH$bORPH$cKTS1_P$d2020-07-08$eKoopman$i32C15$oINS3.1b BEDO$p20122905$r2021-01-12 00:00:00$w2021-01-12$yBOO
=999  \\$d11313

