=LDR  01120aam a2200241   4500
=001  11315
=008  220620s1980\\\\it\fo|||\||||\00|\0\ita\d
=041  \\$aita
=245  \\$aL'organo di Valvasone nell' arte
=260  \\$aUdine$bRibis$c1980
=300  \\$a107 pages
=610  \0$aChiesa del Santissimo Corpo di Cristo (Valvasone, Italy)$1http://www.wikidata.org/entity/Q3716423$924438
=648  \0$a16th Century (1501-1600)$1http://www.wikidata.org/entity/Q7017$920944
=650  \0$aOrgan$1http://www.wikidata.org/entity/Q1444$92810
=650  \0$aOrganology$1http://www.wikidata.org/entity/Q899293$921400
=650  \0$aFine art$1http://www.wikidata.org/entity/Q219625$921579
=650  \0$aIconography$1http://www.wikidata.org/entity/Q208145$921259
=651  \0$aValvasone (Italy)$1http://www.wikidata.org/entity/Q53203$924437
=700  \\$4aut$aStella, Loris$914216
=700  \\$4aut$aFormentini, Valerio$910918
=942  \\$cBOO
=952  \\$00$10$2ddc$40$6INS_3_000000000000000_1E_IT_VAL$70$8INS$911302$aORPH$bORPH$cKTS0$d2020-07-08$eKoopman$i24A39$oINS3.1e IT.VAL$p20128691$r2021-01-12 00:00:00$w2021-01-12$yBOO
=999  \\$d11315

