=LDR  00383    a2200109   4500
=001  11316
=100  \\$aStellan Mörner, C. G$914217
=245  \\$aJohan Wikmanson und die Brüder Si
=260  \\$c1952
=942  \\$cBOO
=952  \\$00$10$2ddc$40$6BIO_WIKM_E$70$8BIO$911303$aORPH$bORPH$cKTS1_P$d2020-07-08$eKoopman$i35A32$oBIO WIKM e$p20122524$r2021-01-12 00:00:00$w2021-01-12$yBOO$OKoopman
=999  \\$c11316$d11316

