=LDR  01062aam a2200205   4500
=001  11317
=008  250407s1941\\\\||||||||\||||\00|\0cfre\d
=041  \\$afre
=100  \\$aStellfeld, Christiane$917327$4aut
=245  \\$aLes Fiocco, une famille de musiciens Belges aux XVIIe et XVIIIe siècles
=260  \\$aBrussels$bAcadémie royale de Belgique$c1941
=490  \\$aAcadémie royale de Belgique, classe des Beaux-Arts, mémoires, collection in-4, deuxième série$v7, fasc. 4
=610  \0$aFiocco family$1http://www.wikidata.org/entity/Q50817991$926800
=648  \0$a17th Century (1601-1700)$1http://www.wikidata.org/entity/Q7016$920923
=648  \0$a18th Century (1701-1800)$1http://www.wikidata.org/entity/Q7015$920899
=650  \0$aMusic history$1http://www.wikidata.org/entity/Q846047$921373
=651  \0$aBrussels (Belgium)$1http://www.wikidata.org/entity/Q239$937
=942  \\$cBOO
=952  \\$00$10$2ddc$40$6BIO_FIOC_D$70$8BIO$911304$aORPH$bORPH$cKTS1_P$d2020-07-08$eKoopman$i32B34$oBIO FIOC d$p20122932$r2021-01-12 00:00:00$w2021-01-12$yBOO$OKoopman
=999  \\$d11317

