=LDR  01069    a2200229   4500
=001  11319
=008  211027s1962\\\\nl\a||||\||||\00|\0\dut\d
=041  \\$adut
=100  \\$aStellfeld, Jean-Auguste$4aut$914219
=245  \\$aBronnen tot de geschiedenis der Antwerpsche klavecimbel- en orgelbouwers in de XVI en XVII eeuwen
=260  \\$aAntwerp$bNijhoff$c1942
=300  \\$a110 pages
=561  \\$aEx Libris Ton Koopman
=648  \0$a16th Century (1501-1600)$1http://www.wikidata.org/entity/Q7017$920944
=648  \0$a17th Century (1601-1700)$1http://www.wikidata.org/entity/Q7016$920923
=650  \0$aKeyboard instrument$1http://www.wikidata.org/entity/Q52954$92849
=650  \0$aHarpsichord$1http://www.wikidata.org/entity/Q81982$92125
=650  \0$aOrgan$1http://www.wikidata.org/entity/Q1444$92810
=651  \0$aAntwerp (Belgium)$1http://www.wikidata.org/entity/Q12892$920974
=942  \\$cBOO
=952  \\$00$10$2ddc$40$6INS_3A_BE_ANT1$70$8INS$911306$aORPH$bORPH$cKTS0$d2020-07-08$eKoopman$i24B56$oINS3a BE.ANT1$p20128781$r2021-01-12 00:00:00$w2021-01-12$yBOO
=999  \\$d11319

