=LDR  01299aab a2200253   4500
=001  11321
=005  20251003085458.0
=008  240422s1940\\\\||||||||\||||\00|\0\dut\d
=041  \\$adut
=100  \\$aStellfeld, Jean-Auguste$914219$4aut
=245  \\$aHet muziekhistorisch belang der catalogi en inventarissen van het Plantinsch Archief
=260  \\$c1940-1
=500  \\$aOffprint from the Vlaamsch Jaarboek voor Muziekgeschiedenis, vol. II-III (1940-41)
=561  \\$aHandwritten dedication from the author to Mrs Dhont-Reines
=610  \0$aPlantijn (Antwerp, Belgium)$1http://www.wikidata.org/entity/Q5254948$924517
=648  \0$a16th Century (1501-1600)$1http://www.wikidata.org/entity/Q7017$920944
=648  \0$a17th Century (1601-1700)$1http://www.wikidata.org/entity/Q7016$920923
=650  \0$aPrinting$1http://www.wikidata.org/entity/Q11034$921936
=650  \0$aMusic printing$1http://www.wikidata.org/entity/Q64416036$94007
=650  \0$aCatalogue$1http://www.wikidata.org/entity/Q2352616$921484
=651  \0$aAntwerp (Belgium)$1http://www.wikidata.org/entity/Q12892$920974
=942  \\$cART
=952  \\$00$10$2ddc$40$6BIB_4_000000000000000_BE_ANT$70$8BIB$911308$aORPH$bORPH$cKTS0$d2020-07-08$eKoopman$i45D19$l0$oBIB4 BE.ANT$p20127311$r2021-01-12 00:00:00$w2021-01-12$yART$OKoopman
=999  \\$d11321

