=LDR  01517cam a2200337   4500
=001  11323
=005  20250205110319.0
=008  730817s1972\\\\nyuabcf\\b\\\\001\0ceng\\
=020  \\$a0670364177
=040  \\$aOI
=041  1\$aeng$hfre
=100  \\$aStendhal$d1783-1842$4aut$1http://www.wikidata.org/entity/Q502$914220
=245  10$aHaydn, Mozart and Metastasio
=260  \\$aNew York$bGrossman$c1972
=300  \\$axxxii-370 pages$billustrations, map, portraits, plates, facsimiles$c23 cm
=350  \\$a$15.00
=504  \\$aBibliography: p. 283-291.
=534  \\$aOriginally published in 1814
=600  \0$aMetastasio, Pietro$d1698-1782$1http://www.wikidata.org/entity/Q29473$96031
=600  \0$aHaydn, Joseph$d1732-1809$1http://www.wikidata.org/entity/Q7349$94783
=600  \0$aMozart, Wolfgang Amadeus$d1756-1791$1http://www.wikidata.org/entity/Q254$95341
=648  \0$a18th Century (1701-1800)$1http://www.wikidata.org/entity/Q7015$920899
=650  \0$aComposer$1http://www.wikidata.org/entity/Q36834$93625
=650  \0$aPoet$1http://www.wikidata.org/entity/Q49757$92954
=650  \0$aBiography$1http://www.wikidata.org/entity/Q36279$91927
=651  \0$aAustria$1http://www.wikidata.org/entity/Q40$9202
=700  \\$aCoe, Richard N.$4trl$4win$4edt$914221
=765  \\$aVies de Haydn, de Mozart et de Métastase
=942  \\$cBOO
=952  \\$00$10$2ddc$40$6BIO_HAYD1_D$70$8BIO$911310$aORPH$bORPH$cKTS1_P$d2020-07-08$eKoopman$i32F24$oBIO HAYD1 d$p20123077$r2021-01-12 00:00:00$w2021-01-12$yBOO
=999  \\$d11323

