=LDR  00847aam a2200205   4500
=001  11324
=008  211213s1951\\\\\\\|||||\||||\00|\0afre\d
=041  \\$afre
=100  \\$aStendhal$d1783-1842$4aut$1http://www.wikidata.org/entity/Q502$914220
=245  \\$aStendhal par lui-même
=260  \\$aParis$bSeuil$c1951
=490  \\$vÉcrivains de toujours
=648  \0$a19th Century (1801-1900)$1http://www.wikidata.org/entity/Q6955$920935
=650  \0$aWriter$1http://www.wikidata.org/entity/Q36180$93885
=650  \0$aBiography$1http://www.wikidata.org/entity/Q36279$91927
=651  \0$aFrance$1http://www.wikidata.org/entity/Q142$9131
=700  \\$4edt$aRoy, C.$923261
=942  \\$cBOO
=952  \\$00$10$2ddc$40$6BIO_STEN_A$70$8BIO$911311$aORPH$bORPH$cKTS1_P$d2020-07-08$eKoopman$i40H27$oBIO STEN a$p20122194$r2021-01-12 00:00:00$w2021-01-12$yBOO
=999  \\$d11324

