=LDR  00955aam a2200205   4500
=001  11325
=008  240601s1967\\\\||||||||\||||\00|\0ddut\d
=041  \\$adut
=100  \\$aSteppe, J. K.$914223$4aut
=245  \\$aJheronimus Bosch Bijdragen
=260  \\$a's-Hertogenbosch$c1967
=590  \\$aBij gelegenheid van de herdenkingstentoonstelling te 's-Hertogenbosch 1967
=600  \0$aBosch, Hieronymus$dc. 1450-1516$1http://www.wikidata.org/entity/Q130531$910487
=648  \0$a15th Century (1401-1500)$1http://www.wikidata.org/entity/Q7018$921015
=648  \0$a16th Century (1501-1600)$1http://www.wikidata.org/entity/Q7017$920944
=650  \0$aFine art$1http://www.wikidata.org/entity/Q219625$921579
=651  \0$aNetherlands$1http://www.wikidata.org/entity/Q55$9173
=942  \\$cBOO
=952  \\$00$10$2ddc$40$6BIO_BOSC_E$70$8BIO$911312$aORPH$bORPH$cKTS1_P$d2020-07-08$eKoopman$i31B24$oBIO BOSC e$p20121106$r2021-01-12 00:00:00$w2021-01-12$yBOO$OKoopman
=999  \\$d11325

