=LDR  00923aam a2200193   4500
=001  11328
=008  250203s1978\\\\|||ghf||\||||\00|\0dger\d
=041  \\$ager
=100  \\$aSteude, Wolfram$d1931-2006$1http://www.wikidata.org/entity/Q2592187$914229$4aut
=245  \\$aUntersuchungen zur mitteldeutschen Musiküberlieferung und Musikpflege im 16. Jahrhundert
=260  \\$aLeipzig$bPeters$c1978
=300  \\$a156 pages$b21 Plates
=648  \0$a16th Century (1501-1600)$1http://www.wikidata.org/entity/Q7017$920944
=650  \0$aMusic history$1http://www.wikidata.org/entity/Q846047$921373
=650  \0$aManuscript$1http://www.wikidata.org/entity/Q87167$92275
=651  \0$aGermany$1http://www.wikidata.org/entity/Q183$9155
=942  \\$cBOO
=952  \\$00$10$2ddc$40$6TOP_DE_4_000000000000000$70$8TOP$911315$aORPH$bORPH$cKTS0$d2020-07-08$eKoopman$i19C47$l0$oTOP DE 4$p20127877$r2021-01-12 00:00:00$w2021-01-12$yBOO$OKoopman
=999  \\$d11328

