=LDR  01593cam a2200301 i 4500
=001  11329
=005  20250218163609.0
=008  751121s1975\\\\gw\\\\\\\bc\\\001\0\ger\\
=041  0\$ager
=100  \\$aSteude, Wolfram$d1931-2006$914229
=245  04$aDie Musiksammelhandschriften des 16. und 17. Jahrhunderts in der Sächsischen Landesbibliothek zu Dresden
=260  \\$aWilhelmshaven$bHeinrichshofen$c1974
=300  \\$a315 pages$c30 cm.
=490  \\$aQuellenkataloge zur Musikgeschichte$v6
=504  \\$aIncludes bibliographical references and indexes.
=590  \\$aunter Verwendung von Vorarbeiten Harald Kümmerlings im Auftrag der Sächsischen Landesbibliothek beschrieben von Wolfram Steude
=610  \0$aSächsische Landesbibliothek (Dresden, Germany)$1http://www.wikidata.org/entity/Q323270$91585
=648  \0$a16th Century (1501-1600)$1http://www.wikidata.org/entity/Q7017$920944
=648  \0$a17th Century (1601-1700)$1http://www.wikidata.org/entity/Q7016$920923
=650  \0$aManuscript$1http://www.wikidata.org/entity/Q87167$92275
=650  \0$aMusic history$1http://www.wikidata.org/entity/Q846047$921373
=650  \0$aLibrary$1http://www.wikidata.org/entity/Q7075$94229
=651  \0$aGermany$1http://www.wikidata.org/entity/Q183$9155
=700  \\$aKümmerling, Harald$d1927-2005$914230
=710  \\$aSächsische Landesbibliothek (Dresden, Germany)$91585
=942  \\$cBOO
=952  \\$00$10$2ddc$40$6BIB_4_000000000000000_DE_DRE$70$8BIB$911316$aORPH$bORPH$cKTS0$d2020-07-08$eKoopman$i21A07$l0$oBIB4 DE.DRE$p20128336$r2021-01-12 00:00:00$w2021-01-12$yBOO$OKoopman
=999  \\$d11329

