=LDR  01312pam a2200289 a 4500
=001  11330
=005  20250120120014.0
=008  850327s1985\\\\enkacfg\\b\\\\001\0deng\\
=020  \\$a0571131484
=020  \\$a0571133576 (pbk.)
=040  \\$aOI
=041  \\$aeng
=245  04$aThe New Monteverdi Companion
=260  \\$aLondon$aBoston, MA$bFaber and Faber$c1985
=300  \\$a361 p., [8] p. of plates :$bill., ports., music, facsims. ;$c22 cm.
=504  \\$a"A Monteverdi bibliography, compiled by Denis Arnold and Nigel Fortune": p. [337]-351.
=600  \0$aMonteverdi, Claudio$d1567-1643$1http://www.wikidata.org/entity/Q53068$910794
=648  \0$a16th Century (1501-1600)$1http://www.wikidata.org/entity/Q7017$920944
=648  \0$a17th Century (1601-1700)$1http://www.wikidata.org/entity/Q7016$920923
=650  \0$aMusic history$1http://www.wikidata.org/entity/Q846047$921373
=651  \0$aMantua (Italy)$1http://www.wikidata.org/entity/Q6247$921593
=651  \0$aVenice (Italy)$1http://www.wikidata.org/entity/Q641$91
=700  \\$aArnold, Denis$d1926-1986$4edt$918779
=700  \\$aFortune, Nigel$4edt$910922
=942  \\$cBOO
=952  \\$00$10$2ddc$40$6BIO_MONT2_A$70$8BIO$911317$aORPH$bORPH$cKTS1_P$d2020-07-08$eKoopman$l0$oBIO MONT2 a$p20121148$r2021-01-12 00:00:00$w2021-01-12$yBOO
=999  \\$c11330$d11330

