=LDR  00942aam a2200205   4500
=001  11331
=008  230817s1957\\\\||||||||\||||\00|\0beng\d
=041  \\$aeng
=100  \\$aStevens, Denis$d1922-2004$914232$4aut
=245  \\$aThomas Tomkins 1572-1656
=260  \\$aLondon$bMacMillan$c1957
=600  \0$1http://www.wikidata.org/entity/Q968698$aTomkins, Thomas$d1572-1656$914438
=648  \0$1http://www.wikidata.org/entity/Q7017$a16th Century (1501-1600)$920944
=648  \0$1http://www.wikidata.org/entity/Q7016$a17th Century (1601-1700)$920923
=650  \0$1http://www.wikidata.org/entity/Q36834$aComposer$93625
=650  \0$1http://www.wikidata.org/entity/Q36279$aBiography$91927
=651  \0$1http://www.wikidata.org/entity/Q21$aUnited Kingdom$9273
=942  \\$cBOO
=952  \\$00$10$2ddc$40$6BIO_TOMK_D$70$8BIO$911318$aORPH$bORPH$cKTS1_P$d2020-07-08$eKoopman$i33F40$oBIO TOMK d$p20120878$r2021-01-12 00:00:00$w2021-01-12$yBOO$OKoopman
=999  \\$d11331

