=LDR  02001aam a2200325   4500
=001  11333
=005  20250925143259.0
=008  211201s1966\\\\\\\g||||\||||\00|\0\eng\d
=041  \\$aeng
=100  \\$aHartnoll, Phyllis$4edt$923176
=245  \\$aShakespeare in Music
=260  \\$aLondon$aMelbourne$aToronto$bMacmillan$c1966
=300  \\$aviii-333 pages
=505  \\$gShakespeare and the MUsic of the Elizabetha, Stage: An Introductory Essay / John Stevens -- Song and Part-Song Settings of Shakespeare's Lyrics, 1660-1960 / Charles Cudworth -- Shakespeare and Opera / Winton Dean -- Shakespeare in the Concert Hall / Roger Fiske -- Catalogue of Musical Works Based on the Plays and Poetry of Shakespeare / Winton Dean, Dorothy Moore and Phyllis Hartnoll
=590  \\$aEssays by John Stevens, Charles Cudworth, Winton Dean, Roger Fiske. With a Catalogue of Musical Works
=600  \0$aShakespeare, William$d1564-1616$1http://www.wikidata.org/entity/Q692$97043
=648  \0$a16th Century (1501-1600)$1http://www.wikidata.org/entity/Q7017$920944
=648  \0$a17th Century (1601-1700)$1http://www.wikidata.org/entity/Q7016$920923
=648  \0$a18th Century (1701-1800)$1http://www.wikidata.org/entity/Q7015$920899
=648  \0$a19th Century (1801-1900)$1http://www.wikidata.org/entity/Q6955$920935
=648  \0$a20th Century (1901-2000)$1http://www.wikidata.org/entity/Q6927$920936
=650  \0$aMusic history$1http://www.wikidata.org/entity/Q846047$921373
=650  \0$aPlay (theater)$1http://www.wikidata.org/entity/Q25379$921414
=650  \0$aPoetry$1http://www.wikidata.org/entity/Q482$93026
=650  \0$aLegacy$1http://www.wikidata.org/entity/Q623282$922131
=650  \0$aSong$1http://www.wikidata.org/entity/Q7366$94164
=650  \0$aOpera$1http://www.wikidata.org/entity/Q1344$92468
=942  \\$cBOO
=952  \\$00$10$2ddc$40$6LIT_SHAK_B_HART$70$8LIT$911320$aORPH$bORPH$cKM12_2_H$d2020-07-08$eKoopman$i33F08$oLIT SHAK b HART$p20120909$r2021-01-12 00:00:00$w2021-01-12$yBOO
=999  \\$d11333

