=LDR  00412    a2200121   4500
=001  11334
=020  \\$a9780333567333
=100  \\$aStevens, R. J. S.$914234
=245  \\$aRecollections of R.J.S. Stevens,
=260  \\$c1992
=942  \\$cBOO
=952  \\$00$10$2ddc$40$6BIO_STEV1_A$70$8BIO$911321$aORPH$bORPH$cKTS1_P$d2020-07-08$eKoopman$i42E02$l0$oBIO STEV1 a$p20122048$r2021-01-12 00:00:00$w2021-01-12$yBOO$OKoopman
=999  \\$c11334$d11334

