=LDR  01179nam a2200241 a 4500
=001  11335
=008  930812s1985\\\\sp\\\\\\\\\\\\001\0\spa\d
=041  \\$aspa
=100  \\$aStevenson, Robert$d1916-2012$4aut$914235
=245  13$aLa música en la Catedral de Sevilla, 1478-1606.$bDocumentos para su estudio
=250  \\$a2. ed.
=260  \\$aMadrid$bPublicaciones de la Sociedad Española de Musicologia$c1985
=300  \\$a111 pages
=490  \\$aCatálogos y Documentation$v4
=610  \0$aCatedral de Santa María de Valencia (Spain)$1http://www.wikidata.org/entity/Q1466926$924141
=648  \0$aRenaissance (1400-1600)$1http://www.wikidata.org/entity/Q4692$920965
=650  \0$aMusic history$1http://www.wikidata.org/entity/Q846047$921373
=650  \0$aChurch music$1http://www.wikidata.org/entity/Q8812109$92283
=650  \0$aCatholicism$1http://www.wikidata.org/entity/Q1841$921631
=651  \0$aSeville (Spain)$1http://www.wikidata.org/entity/Q8717$924136
=942  \\$cBOO
=952  \\$00$10$2ddc$40$6TOP_ES_SEV_4_000000000000000$70$8TOP$911322$aORPH$bORPH$cKTS0$d2020-07-08$eKoopman$i34E22$l0$oTOP ES.SEV 4$p20120806$r2021-01-12 00:00:00$w2021-01-12$yBOO$OKoopman
=999  \\$d11335

