=LDR  01458aam a2200265   4500
=001  11336
=008  250514s1961\\\\|||g||||\b|||\001\0deng\d
=041  \\$aeng
=100  \\$aStevenson, Robert$d1916-2012$1http://www.wikidata.org/entity/Q7350056$914235
=245  \\$aSpanish Cathedral Music in the Golden Age
=260  \\$c1961$aBerkeley$aLos Angeles$bUniversity of California Press
=300  \\$a[x]-523 pages
=600  \0$aMorales, Cristóbal de$dc. 1500-1553$1http://www.wikidata.org/entity/Q360184$97259
=600  \0$aGuerrero, Francisco$d1528-1599$1http://www.wikidata.org/entity/Q470568$929332
=600  \0$aVictoria, Luis da$d1548-1611$1http://www.wikidata.org/entity/Q215128$97236
=648  \0$a16th Century (1501-1600)$1http://www.wikidata.org/entity/Q7017$920944
=648  \0$a17th Century (1601-1700)$1http://www.wikidata.org/entity/Q7016$920923
=650  \0$aMusic history$1http://www.wikidata.org/entity/Q846047$921373
=650  \0$aChurch music$1http://www.wikidata.org/entity/Q8812109$1http://www.wikidata.org/entity/Q1065742$92283
=650  \0$aBiography$1http://www.wikidata.org/entity/Q36279$91927
=650  \0$aComposer$1http://www.wikidata.org/entity/Q36834$93625
=651  \0$aSpain$1http://www.wikidata.org/entity/Q29$920983
=942  \\$cBOO
=952  \\$00$10$2ddc$40$6TOP_ES_4_000000000000000$70$8TOP$911323$aORPH$bORPH$cKTS0$d2020-07-08$eKoopman$i44A26$l0$oTOP ES 4$p20126720$r2021-01-12 00:00:00$w2021-01-12$yBOO$OKoopman
=999  \\$d11336

