=LDR  00995aam a2200193   4500
=001  11341
=005  20251003085458.0
=008  230524s1980\\\\||||||||\c|||\00|\0\ger\d
=041  \\$ager
=100  1\$aStichweh, Klaus$4edt$1http://www.wikidata.org/entity/Q27857608$914242
=245  \\$aDer Zeichner Johann Sebastian Bach und sein Umkreis:$bAusstellung des Kurpfälzischen Museums Heidelberg zur 5. Heidelberger Bachwoche vom 4.6. - 29.6.1980
=260  \\$c1980$aHeidelberg$bKurpfälzisches Museum
=600  \0$1http://www.wikidata.org/entity/Q1339$aBach, Johann Sebastian$d1685-1750$94766
=650  \0$1http://www.wikidata.org/entity/Q464980$aExhibition$925353
=650  \0$1http://www.wikidata.org/entity/Q2352616$aCatalogue$921484
=651  \0$1http://www.wikidata.org/entity/Q2966$aHeidelberg (Germany)$921984
=942  \\$cBOO
=952  \\$00$10$2ddc$40$6BIO_BACH13_C$70$8BIO$911328$aORPH$bORPH$cKTS1_P$d2020-07-08$eKoopman$i33E02$oBIO BACH13 c$p20122985$r2021-01-12 00:00:00$w2021-01-12$yBOO
=999  \\$d11341

