=LDR  00679    a2200169   4500
=001  11343
=008  231115|\\\\\\\\nl\fg|||\||||\00|\0\dut\d
=041  \\$adut
=100  \\$aStigt, Caecilia van$914244$4aut
=245  \\$aDe viola da Gamba in het Noord-Nederlandse muziekleven
=260  \\$as.n.$bs.n.$cs.d.
=300  \\$a74 pages
=650  \0$aViola da gamba$1http://www.wikidata.org/entity/Q96066477$93955
=651  \0$aNetherlands$1http://www.wikidata.org/entity/Q55$9173
=942  \\$cDIS
=952  \\$00$10$2ddc$40$6INS_4_000000000000000_5D_STIG$70$8INS$911330$aORPH$bORPH$cKTS0$d2020-07-08$eKoopman$i20B18$l0$oINS4.5d STIG$p20127992$r2021-01-12 00:00:00$w2021-01-12$yDIS$OKoopman
=999  \\$d11343

