=LDR  00941aam a2200205   4500
=001  11344
=005  20250926134856.0
=008  221010s1970\\\\||||||||\||||\00|\0bger\d
=041  \\$ager
=100  \\$aStiller, G.$4aut$914245
=245  \\$aJohann Sebastian Bach und das Leipziger gottesdienstliche Leben seiner Zeit
=260  \\$aBerlin$bEvangelische Verlagsanstalt$c1970
=600  \0$aBach, Johann Sebastian$d1685-1750$1http://www.wikidata.org/entity/Q1339$94766
=648  \0$a18th Century (1701-1800)$1http://www.wikidata.org/entity/Q7015$920899
=650  \0$aComposer$1http://www.wikidata.org/entity/Q36834$93625
=650  \0$aLute$1http://www.wikidata.org/entity/Q180733$93944
=651  \0$aLeipzig (Germany)$1http://www.wikidata.org/entity/Q2079$945
=942  \\$cBOO
=952  \\$00$10$40$6BIO_BACH1_E$70$8BIO$911331$aORPH$bORPH$cKTS1_P$d2020-07-08$eKoopman$i24E33$oBIO BACH1 e$p20125926$r2021-01-12 00:00:00$w2021-01-12$yBOO$OKoopman
=999  \\$d11344

