=LDR  00804    a2200205   4500
=001  11345
=008  230425s1976\\\\nl\a||||\||||\00|\0\dut\d
=041  \\$adut
=100  \\$aStinkens, Jacques$4aut$914246
=245  \\$aJacques Stinkers Orgelpijpmakers. Kalender, 1976
=260  \\$c1976$aZeist
=300  \\$a24 pages
=500  \\$aCalendar of the year 1976 with organ pictures
=600  \0$aStinkens, Jacques$914246
=650  \0$aOrganology$1http://www.wikidata.org/entity/Q899293$921400
=650  \0$aOrgan$1http://www.wikidata.org/entity/Q1444$92810
=651  \0$926108$aZeist (Netherlands)
=942  \\$cEPH
=952  \\$00$10$2ddc$40$6INS_3_000000000000000_1B_STIN$70$8INS$911332$aORPH$bORPH$cKTS0$d2020-07-08$eKoopman$i23C03$l0$oINS3.1b STIN$p20128589$r2021-01-12 00:00:00$w2021-01-12$yBOO$OKoopman
=999  \\$d11345

