=LDR  00680    a2200181   4500
=001  11346
=008  230425s1977\\\\nl\af|||\||||\00|\0\dut\d
=041  \\$adut
=100  \\$aStinkens, Jacques$4aut$914246
=245  \\$aJacques Stinkers Orgelpijpmakers. Kalender, 1977
=260  \\$c1977
=300  \\$a24 pages
=500  \\$aCalendar of the year 1977 with organ pictures
=600  \0$aStinkens, Jacques$914246
=650  \0$aOrgan$1http://www.wikidata.org/entity/Q1444$92810
=942  \\$cEPH
=952  \\$00$10$2ddc$40$6INS_3_000000000000000_1B_STIN$70$8INS$911333$aORPH$bORPH$cKTS0$d2020-07-08$eKoopman$i24G33$l0$oINS3.1b STIN$p20125796$r2021-01-12 00:00:00$w2021-01-12$yBOO$OKoopman
=999  \\$d11346

