=LDR  00384    a2200109   4500
=001  11347
=100  \\$aStinson, J. A.$914247
=245  \\$aRoger North's Essay of Musicall A vol. 1
=260  \\$c1977
=942  \\$cBOO
=952  \\$00$10$2ddc$40$6BIO_NORT_A$70$8BIO$911334$aORPH$bORPH$cKTS1_P$d2020-07-08$eKoopman$i47A28-I$oBIO NORT a$p20123754$r2021-01-12 00:00:00$w2021-01-12$yBOO$OKoopman
=999  \\$c11347$d11347

