=LDR  00364    a2200097   4500
=001  11348
=100  \\$aStinson, J. A.$914247
=245  \\$aRoger North's Essay of Musicall A vol. 2
=942  \\$cBOO
=952  \\$00$10$2ddc$40$6BIO_NORT_A$70$8BIO$911335$aORPH$bORPH$cKTS1_P$d2020-07-08$eKoopman$i47A28-II$oBIO NORT a$p20123753$r2021-01-12 00:00:00$w2021-01-12$yBOO$OKoopman
=999  \\$c11348$d11348

