=LDR  01335cam a22003134a 4500
=001  11349
=005  20250926134856.0
=008  000223s2001\\\\nyua\\\\\b\\\\001\0\eng\\
=020  \\$a0195116666
=040  \\$aOI
=041  \\$aeng
=100  \\$aStinson, Russell$4aut$914248
=245  10$aJ. S. Bach's Great Eighteen Organ Chorales
=246  30$aGreat eighteen organ chorales
=246  3\$aJ.S. Bach's great 18 organ chorales
=246  3\$aGreat 18 organ chorales
=260  \\$aNew York$bOxford University Press$c2001
=300  \\$axii-171 pages$billustrations$c25 cm
=500  \\$aBWV 651-668
=504  \\$aIncludes bibliographical references (p. 149-163) and index.
=600  \0$aBach, Johann Sebastian$d1685-1750$1http://www.wikidata.org/entity/Q1339$94766
=648  \0$a18th Century (1701-1800)$1http://www.wikidata.org/entity/Q7015$920899
=650  \0$aMusical analysis$1http://www.wikidata.org/entity/Q1544924$92775
=650  \0$aOrgan music$1http://www.wikidata.org/entity/Q2003283$91951
=650  \0$aChorale$1http://www.wikidata.org/entity/Q724473$921334
=651  \0$aGermany$1http://www.wikidata.org/entity/Q183$9155
=942  \\$cBOO
=952  \\$00$10$2ddc$40$6BIO_BACH1_E$70$8BIO$911336$aORPH$bORPH$cKTS1_P$d2020-07-08$eKoopman$i29D33$oBIO BACH1 e$p20121334$r2021-01-12 00:00:00$w2021-01-12$yBOO$OKoopman
=999  \\$d11349

