=LDR  01323cam a2200277 a 4500
=001  11350
=005  20250926141053.0
=008  890907s1990\\\\ncuagh\\\b\\\\001\0\eng\\
=020  \\$a0822310066 (alk. paper)
=040  \\$aOI
=041  \\$aeng
=100  \\$aStinson, Russell$914248$4aut
=245  14$aThe Bach Manuscripts of Johann Peter Kellner and His Circle:$bA Case Study in Reception History
=260  \\$aDurham, NC$bDuke University Press$c1990
=300  \\$axvi-184 pages$billustrations, music, facsimiles$c25 cm
=490  \\$aSources of music and their interpretation
=504  \\$aIncludes bibliographical references (p. [153]-174) and indexes.
=600  \0$aBach, Johann Sebastian$d1685-1750$1http://www.wikidata.org/entity/Q1339$94766
=600  \0$aKellner, Johann Peter$d1705-1772$1http://www.wikidata.org/entity/Q462786$914250
=648  \0$a18th Century (1701-1800)$1http://www.wikidata.org/entity/Q7015$920899
=650  \0$aManuscript$1http://www.wikidata.org/entity/Q87167$92275
=650  \0$aReception$1http://www.wikidata.org/entity/Q1791660$925021
=651  \0$aGermany$1http://www.wikidata.org/entity/Q183$9155
=942  \\$cBOO
=952  \\$00$10$2ddc$40$6BIO_BACH1_E$70$8BIO$911337$aORPH$bORPH$cKTS1_P$d2020-07-08$eKoopman$i31C05$oBIO BACH1 e$p20123265$r2021-01-12 00:00:00$w2021-01-12$yBOO
=999  \\$d11350

