=LDR  01215nam a2200265 a 4500
=001  11351
=005  20250616101351.0
=008  870306s1984\\\\gw\g\\\\\b\\\\000\0\ger\\
=020  \\$a3820480811
=040  \\$aOI
=041  \\$ager
=100  \\$aStoelzel, Marianne$d-1917$4aut$914251
=245  14$aDie Anfänge vierhändiger Klaviermusik:$bStudien zur Satztypik in den Sonaten Muzio Clementis
=260  \\$aFrankfurt am Main$aNew York$bLang$c1984
=300  \\$aiv-247 pages$bmusic$c21 cm
=490  1\$aEuropäische Hochschulschriften. Reihe XXXVI, Musikwissenschaft$x0721-3611 ;$v7
=504  \\$aBibliography: p. 242-247.
=600  \0$aClementi, Muzio$d1752-1832$1http://www.wikidata.org/entity/Q193673$95350
=648  \0$a18th Century (1701-1800)$1http://www.wikidata.org/entity/Q7015$920899
=648  \0$a19th Century (1801-1900)$1http://www.wikidata.org/entity/Q6955$920935
=650  \0$aKeyboard music$1http://www.wikidata.org/entity/Q105715630$921412
=650  \0$aSonata$1http://www.wikidata.org/entity/Q131269$921653
=942  \\$cBOO
=952  \\$00$10$2ddc$40$6BIO_CLEM_E$70$8BIO$911338$aORPH$bORPH$cKTS1_P$d2020-07-08$eKoopman$i43G45$l0$oBIO CLEM e$p20126756$r2021-01-12 00:00:00$w2021-01-12$yBOO
=999  \\$d11351

