=LDR  01210aam a2200253   4500
=001  11354
=005  20251003085458.0
=008  231207s1996\\\\nl\a||||\||||\00|\0\mul\d
=020  \\$a9070386771
=041  \\$adut$afre$aeng
=100  \\$aStorm van Leeuwen, Jan$4edt$915097
=110  \\$aKoninklijke Bibliotheek (The Hague, Netherlands)$1http://www.wikidata.org/entity/Q1526131$4edt$91254
=245  \\$aEuropese boekbanden anno 1995$bCatalogus van de tentoonstelling van boekbanden ingezonden voor de Open Nederlandse Handboekbinwedstrijk 1995
=246  \1$aReliures européennes en l'an 1995
=246  \1$aEuropean bookbindings in the year 1995
=260  \\$c1996$aAmsterdam$bDe Buitenkant
=300  \\$a211 pages
=650  \0$aCatalogue$1http://www.wikidata.org/entity/Q2352616$921484
=650  \0$aCompetition$1http://www.wikidata.org/entity/Q476300$926371
=650  \0$aBookbinding$1http://www.wikidata.org/entity/Q240471$94369
=651  \0$aNetherlands$1http://www.wikidata.org/entity/Q55$9173
=942  \\$cBOO
=952  \\$00$10$2ddc$40$6BIB_2_000000000000000_STOR$70$8BIB$911341$aORPH$bORPH$cKTS0$d2020-07-08$eKoopman$i47C10$l0$oBIB2 STOR$p20123740$r2021-01-12 00:00:00$w2021-01-12$yBOO$OKoopman
=999  \\$d11354

