=LDR  00977aam a2200181   4500
=001  11355
=008  230508s1976\\\\||||||||\c|||\00|\0\dut\d
=041  \\$adut
=100  \\$aStorm van Leeuwen, Jan$4aut$915097
=245  \\$aDe achttiende-eeuwse Haagse boekband in de Koninklijke Bibliotheek en het Rijksmuseum Meermanno-Westreenianum:$bHistorisch overzicht en catalogus met de afbeeldingen van ongeveer 1200 stempels
=260  \\$aThe Hague$bStaatsdrukkerij$c1976
=648  \0$1http://www.wikidata.org/entity/Q7015$a18th Century (1701-1800)$920899
=650  \0$1http://www.wikidata.org/entity/Q240471$aBookbinding$94369
=650  \0$1http://www.wikidata.org/entity/Q208165$aCollecting$92117
=651  \0$1http://www.wikidata.org/entity/Q36600$aThe Hague (Netherlands)$910
=942  \\$cBOO
=952  \\$00$10$2ddc$40$6BIB_4_000000000000000_NL_HAG$70$8BIB$911342$aORPH$bORPH$cKTS0$d2020-07-08$eKoopman$i42D28$l0$oBIB4 NL.HAG$p20120057$r2021-01-12 00:00:00$w2021-01-12$yBOO$OKoopman
=999  \\$d11355

