=LDR  02314aam a2200253   4500
=001  11357
=008  231207r19681952||||||||\||||\001\0\eng\d
=041  \\$aeng
=100  \\$aStoye, John Walter$d1917-2017$914257$4aut
=245  \\$aEnglish Travellers abroad, 1604-1667:$bTheir Influence on English Society and Politics
=260  \\$c1968$bOctagon$aNew York
=300  \\$a479 pages
=520  \\$aWhat were the experiences of English travelers who toured Western Europe in the seventeenth century? What influence did Continental travel have on English society and politics? This book by John Stoye allows us to accompany the seventeenth-century British traveler on his journeys into France, Italy, Spain, and the Netherlands. It is a travel book for historians and a piece of history for travellers.
Using a vast range of contemporary sources, Stoye describes the journeys of both famous figures and of more obscure travelers, relating common itineraries and the conditions of travel. He evokes the different types of travelers and their motives and interests―young men on the Grand Tour with their tutors in tow, diplomats, soldiers, religious refugees, and merchants. Stoye considers what the travellers brought home with them, from actual books and pictures to impressions of architecture and music to new ways of looking at the world. He traces through letters and diaries how travel affected the taste, education, and politics of the upper classes of society. This book, first published in 1952, is widely considered a classic.
=648  \0$a17th Century (1601-1700)$1http://www.wikidata.org/entity/Q7016$920923
=650  \0$aTravel$1http://www.wikidata.org/entity/Q61509$94440
=650  \0$aGrand Tour$1http://www.wikidata.org/entity/Q6682302$922994
=650  \0$aCultural history$1http://www.wikidata.org/entity/Q858517$922395
=650  \0$aPolitics$1http://www.wikidata.org/entity/Q7163$921826
=650  \0$aInfluence$1http://www.wikidata.org/entity/Q1307337$922289
=651  \0$aUnited Kingdom$1http://www.wikidata.org/entity/Q21$9273
=651  \0$aEurope$1http://www.wikidata.org/entity/Q46$991
=942  \\$cBOO
=952  \\$00$10$2ddc$40$6TOP_GB_5_000000000000000$70$8TOP$911344$aORPH$bORPH$cKTS0$d2020-07-08$eKoopman$i24F24$l0$oTOP GB 5$p20125861$r2021-01-12 00:00:00$w2021-01-12$yBOO$OKoopman
=999  \\$d11357

