=LDR  01067cam a2200241 p 4500
=001  11358
=005  20250120115945.0
=008  790302s1977\\\\ne\a\\\\\b\\\f001\0\dut\\
=020  \\$a9012016703 :$cfl 32.50
=040  \\$aOI
=041  \\$adut
=100  \\$aStraaten, Evert van$4aut$914258
=245  10$aKoud tot op het bot:$bde verbeelding van de winter in de zestiende en zeventiende eeuw in de Nederlanden
=260  \\$aThe Hague$bStaatsuitgeverij$c1977
=300  \\$a142 pages$bwith ill. ;$c22 x 26 cm.
=504  \\$aIncludes bibliographical references and index.
=648  \0$a16th Century (1501-1600)$1http://www.wikidata.org/entity/Q7017$920944
=648  \0$a17th Century (1601-1700)$1http://www.wikidata.org/entity/Q7016$920923
=650  \0$aFine art$1http://www.wikidata.org/entity/Q219625$921579
=651  \0$aNetherlands$1http://www.wikidata.org/entity/Q55$9173
=942  \\$cBOO
=952  \\$00$10$2ddc$40$6TOP_NL_4_000000000000000$70$8TOP$911345$aORPH$bORPH$cKTS0$d2020-07-08$eKoopman$i18C39$oTOP NL 4$p20127064$r2021-01-12 00:00:00$w2021-01-12$yBOO
=999  \\$d11358

