=LDR  01199acm a2200241   4500
=001  11359
=008  250128r19681889||||||||\||||\00|\0\mul\d
=041  \\$ager$eita
=059  \\$aS B 2vn 2vla bc
=100  \\$aStradella, Alessandro$d1639-1682$4cmp$1http://www.wikidata.org/entity/Q314765$911109
=245  \\$aSerenata a 3 con strumenti:$bQual prodigio à ch'io miri?
=260  \\$aFarnborough$bGregg International$c1968
=490  \\$aG. F. Händel's Werke. Supplemente enthaltend Quellen zu Händel's Werken$v3
=500  \\$aIn D major
=534  \\$cLeipzig: Deutsche Händel Gesellschaft, 1889
=600  \0$aHandel, George Frideric$d1685-1759$1http://www.wikidata.org/entity/Q7302$94765
=648  \0$a17th Century (1601-1700)$1http://www.wikidata.org/entity/Q7016$920923
=650  \0$aSerenata$1http://www.wikidata.org/entity/Q215911$921434
=651  \0$aItaly$1http://www.wikidata.org/entity/Q38$922
=700  \\$aChrysander, Friedrich$d1826-1901$1http://www.wikidata.org/entity/Q65274$4edt$913827
=942  \\$cSCO
=952  \\$00$10$2ddc$40$6SCO_HAND$70$8SCO$911346$aORPH$bORPH$cKTS1_P$d2020-07-08$eKoopman$iWG.0050-3$l0$oSCO HAND$p20123857$r2021-01-12 00:00:00$w2021-01-12$ySCO$OW.0050-3
=999  \\$d11359

