=LDR  00909acm a2200205   4500
=001  11360
=008  250128s1983\\\\||||||||\||||\00|\0\mul\d
=020  \\$a0807815365
=041  \\$aeng$eita
=059  \\$aS B SATB 2vn bc
=100  \\$aStradella, Alessandro$d1639-1682$4cmp$1http://www.wikidata.org/entity/Q314765$911109
=245  \\$aEsulle dalle sfere:$bA Cantata for the Souls of Purgatory
=260  \\$aChapel Hill, NC$bUniversity of North Carolina Press$c1983
=648  \0$a17th Century (1601-1700)$1http://www.wikidata.org/entity/Q7016$920923
=650  \0$aCantata$1http://www.wikidata.org/entity/Q174873$921603
=651  \0$aItaly$1http://www.wikidata.org/entity/Q38$922
=700  \\$aMcCrickard, E.$4edt$939581
=942  \\$cSCO
=952  \\$00$10$2ddc$40$6SCO_STRA2$70$8SCO$911347$aORPH$bORPH$cKTS1_P$d2020-07-08$eKoopman$iWG.0058$l0$oSCO STRA2$p20121740$r2021-01-12 00:00:00$w2021-01-12$ySCO$OW.0058
=999  \\$d11360

