=LDR  00819acm a2200193   4500
=001  11361
=008  250128s1980\\\\||||||||\||||\00|\0\eng\d
=041  \\$aeng
=100  \\$aStradella, Alessandro$d1639-1682$4cmp$1http://www.wikidata.org/entity/Q314765$911109
=245  \\$aInstrumental Music
=260  \\$aCologne$bVolk$c1980
=490  \\$aConcentus Musicus$vV
=648  \0$a17th Century (1601-1700)$1http://www.wikidata.org/entity/Q7016$920923
=650  \0$aInstrumental music$1http://www.wikidata.org/entity/Q639197$92106
=651  \0$aItaly$1http://www.wikidata.org/entity/Q38$922
=700  \\$aMcCrickard, E.$4edt$939581
=942  \\$cSCO
=952  \\$00$10$2ddc$40$6SCO_STRA2$70$8SCO$911348$aORPH$bORPH$cKTS1_P$d2020-07-08$eKoopman$iWG.1237-V$l0$oSCO STRA2$p20121754$r2021-01-12 00:00:00$w2021-01-12$ySCO$OW.1237-V
=999  \\$d11361

