=LDR  01632    a2200277   4500
=001  11362
=008  220502s1969\\\\||||||||\||||\00|\0dfre\d
=041  \\$afre
=100  \\$914260$aStraeten, E. vander$4aut
=245  \\$aLa musique aux Pays-Bas avant le XIXe siècle
=260  \\$aNew York$bDover$c1969
=300  \\$a8 vols. in 4
=590  \\$aIn eight volumes bound as four
=648  \0$aMiddle Ages (500-1400)$1http://www.wikidata.org/entity/Q12554$920964
=648  \0$aRenaissance (1400-1600)$1http://www.wikidata.org/entity/Q4692$920965
=648  \0$a17th Century (1601-1700)$1http://www.wikidata.org/entity/Q7016$920923
=648  \0$a18th Century (1701-1800)$1http://www.wikidata.org/entity/Q7015$920899
=650  \0$aMusic history$1http://www.wikidata.org/entity/Q846047$921373
=651  \0$aBelgium$1http://www.wikidata.org/entity/Q31$920881
=651  \0$aNetherlands$1http://www.wikidata.org/entity/Q55$9173
=942  \\$cBOO
=952  \\$00$10$2ddc$3vol. 1 (I+II)$40$6TOP_BE$70$8TOP$911349$aORPH$bORPH$cKTS0$d2020-07-08$eKoopman$i42B01_01$oTOP BE$p20120096$r2021-01-12 00:00:00$w2021-01-12$yBOO
=952  \\$00$10$2ddc$3vol. 2 (III+IV)$40$6TOP_BE$70$8TOP$911350$aORPH$bORPH$cKTS0$d2020-07-08$eKoopman$i42B01_02$oTOP BE$p20120095$r2021-01-12 00:00:00$w2021-01-12$yBOO
=952  \\$00$10$2ddc$3vol. 3 (V+VI)$40$6TOP_BE$70$8TOP$911351$aORPH$bORPH$cKTS0$d2020-07-08$eKoopman$i42B01_03$oTOP BE$p20120094$r2021-01-12 00:00:00$w2021-01-12$yBOO
=952  \\$00$10$2ddc$3vol. 4 (VII+VIII)$40$6TOP_BE$70$8TOP$911352$aORPH$bORPH$cKTS0$d2020-07-08$eKoopman$i42B01_04$oTOP BE$p20120093$r2021-01-12 00:00:00$w2021-01-12$yBOO
=999  \\$d11362

