=LDR  01353aam a2200265   4500
=001  11368
=008  250303s1952\\\\||||||||\||||\00|\idger\d
=041  \\$ager
=100  \\$aStraube, Karl$d1873-1950$1http://www.wikidata.org/entity/Q61693$914263$4aut
=245  \\$aBriefe eines Thomaskantors
=260  \\$aStuttgart$bKoehler$c1952
=561  \\$aAutograph dedication from Wilibald Gurlitt to Hans Joachim Moser
=610  \0$aThomaskirche (Leipzig, Germany)$1http://www.wikidata.org/entity/Q170402$922279
=610  \0$aThomasschule (Leipzig, Germany)$1http://www.wikidata.org/entity/Q699668$91465
=648  \0$a19th Century (1801-1900)$1http://www.wikidata.org/entity/Q6955$920935
=650  \0$aCantor$1http://www.wikidata.org/entity/Q330679$923204
=650  \0$aOrganist$1http://www.wikidata.org/entity/Q765778$94471
=650  \0$aConductor$1http://www.wikidata.org/entity/Q158852$93134
=650  \0$aCorrespondence$1http://www.wikidata.org/entity/Q1784733$921392
=651  \0$aLeipzig (Germany)$1http://www.wikidata.org/entity/Q2079$945
=700  \\$aGurlitt, Wilibald$d1889-1963$4edt$919994
=700  \\$aMoser, Hans Joachim$d1889-1967$4edt$912879
=942  \\$cBOO
=952  \\$00$10$2ddc$40$6BIO_STRA4_A$70$8BIO$911355$aORPH$bORPH$cKTS1_P$d2020-07-08$eKoopman$i33F10$l0$oBIO STRA4 a$p20120907$r2021-01-12 00:00:00$w2021-01-12$yBOO$OKoopman
=999  \\$d11368

