=LDR  01299cam a2200277 i 4500
=001  11369
=005  20250925143259.0
=008  771202s1977\\\\caua\\\\\\\\\\000\0ceng\\
=020  \\$a0520030362
=040  \\$aOI
=041  1\$aeng$hger
=100  \\$aStrauss, Richard$d1864-1949$4aut$1http://www.wikidata.org/entity/Q13894$914264
=245  12$aA Confidential Matter:$bThe Letters of Richard Strauss and Stefan Zweig, 1931-1935
=260  \\$aBerkeley$bUniversity of California Press$c1977
=300  \\$axxxi, 122 p. :$bill. ;$c23 cm.
=590  \\$atranslated from the German by Max Knight ; foreword by Edward E. Lowinsky.
=648  \0$a20th Century (1901-2000)$1http://www.wikidata.org/entity/Q6927$920936
=650  \0$aCorrespondence$1http://www.wikidata.org/entity/Q1784733$921392
=651  \0$aGermany$1http://www.wikidata.org/entity/Q183$9155
=651  \0$aAustria$1http://www.wikidata.org/entity/Q40$9202
=700  \\$aZweig, Stefan$d1881-1942$4aut$914266
=700  \\$aKnight, Max$4trl$921504
=700  \\$aLowinsky, Edward E.$d1908-1985$4win$1http://www.wikidata.org/entity/Q1292900$912486
=942  \\$cBOO
=952  \\$00$10$2ddc$40$6BIO_STRA1_A$70$8BIO$911356$aORPH$bORPH$cKTS1_P$d2020-07-08$eKoopman$i46F17$l0$oBIO STRA1 a$p20126905$r2021-01-12 00:00:00$w2021-01-12$yBOO
=999  \\$c11369$d11369

