=LDR  00861cam a2200217 a 4500
=001  11371
=005  20250716123225.0
=008  970826s1997\\\\ne\a\\\\\b\\\\100\0\dut\c
=010  \\$a   97188109 
=020  \\$a905452037X
=040  \\$aCU$cCU$dDLC
=042  \\$apcc
=245  10$aConstantijn Huygens 1596-1996 :$blezingen van het tweede Groningse Huygens-Symposium /$conder redactie van N.F. Streekstra.
=260  \\$aGroningen :$bPassage,$c1997.
=300  \\$a151 p. :$bill. ;$c24 cm.
=504  \\$aIncludes bibliographical references.
=600  \0$aHuygens, Constantijn$d1596-1687$1http://www.wikidata.org/entity/Q560746$95174
=700  \\$aStreekstra, N. F.$914269
=942  \\$cBOO
=952  \\$00$10$2ddc$40$6BIO_HUYG1_E$70$8BIO$911358$aORPH$bORPH$cKTS1_P$d2020-07-08$eKoopman$i21C38$oBIO HUYG1 e$p20128201$r2021-01-12 00:00:00$w2021-01-12$yBOO$OKoopman
=999  \\$d11371

