=LDR  01097nam a2200241 a 4500
=001  11376
=005  20250121142127.0
=008  990426s1999\\\\ne\a\\\\\b\\\\000\1\dut\\
=020  \\$a906550608X
=040  \\$aOI
=041  \\$adut
=100  \\$aStreng, J. C.$914272$4aut
=245  10$aHet is thans zeer briljant:$baspecten van het Zwolse culturele leven tijdens de overgang van ancien régime naar moderne tijd
=260  \\$aHilversum$bVerloren$c1999
=300  \\$a238 pages$billustrations$c24 cm
=504  \\$aIncludes bibliographical references (p. 218-231) and index.
=648  \0$a18th Century (1701-1800)$1http://www.wikidata.org/entity/Q7015$920899
=648  \0$a19th Century (1801-1900)$1http://www.wikidata.org/entity/Q6955$920935
=650  \0$aCuckoo$1http://www.wikidata.org/entity/Q18845$922474
=651  \0$aZwolle (Netherlands)$1http://www.wikidata.org/entity/Q793$985
=942  \\$cBOO
=952  \\$00$10$2ddc$40$6TOP_NL_ZWO_5_000000000000000$70$8TOP$911363$aORPH$bORPH$cKTS0$d2020-07-08$eKoopman$h23E02$l0$oTOP NL.ZWO 5$p20128966$r2021-01-12 00:00:00$w2021-01-12$yBOO$OKoopman
=999  \\$d11376

