=LDR  00826nam a2200205 p 4500
=001  11377
=005  20250120120035.0
=008  760909s1976\\\\ne\a\\\\\b\\\\001\0\dut\\
=015  \\$aNe76-17
=020  \\$a9060641663 :$cfl 18.90
=040  \\$aOI
=100  \\$aStrengholt, Leendert$d1930-1989$911776
=245  10$aBloemen in Gethsemané :$bverzamelde studies over de dichter Revius /$cdoor L. Strengholt.
=260  \\$aAmsterdam :$bBuijten & Schipperheijn ;$aAlphen aan den Rujn :$bRepro-Holland,$c1976.
=300  \\$a174 p. :$bill. ;$c21 cm.
=504  \\$aBibliography: p. 164-169.
=600  \0$aRevius, Jacobus$d1586-1658$914273
=942  \\$cBOO
=952  \\$00$10$2ddc$40$6BIO_REVI_E$70$8BIO$911364$aORPH$bORPH$cKTS1_P$d2020-07-08$eKoopman$i33E17$oBIO REVI e$p20120972$r2021-01-12 00:00:00$w2021-01-12$yBOO$OKoopman
=999  \\$c11377$d11377

