=LDR  01059aam a2200205   4500
=001  11378
=005  20250925143259.0
=008  250828s1966\\\\||||||||\c|||\00|\0\eng\d
=041  \\$aeng
=100  \\$aStribling Ridge, D.$914274$4aut
=245  \\$aRare Book Collection in the McKissick Memorial Library, the University of South Carolina
=260  \\$aColumbia, SC$bMcKissick Memorial Library, University of South Carolina$c1966
=561  \\$aHandwritten dedication from Alfred Rawlinson, director of libraries, University of Southern Carolina
=648  \0$a20th Century (1901-2000)$1http://www.wikidata.org/entity/Q6927$920936
=650  \0$aLibrary$1http://www.wikidata.org/entity/Q7075$94229
=650  \0$aAntiquarianism$1http://www.wikidata.org/entity/Q56418598$93233
=651  \0$aSouth Carolina (USA)$1http://www.wikidata.org/entity/Q1456$941085
=942  \\$cBOO
=952  \\$00$10$2ddc$40$6BIB_4_000000000000000_US_SOU$70$8BIB$911365$aORPH$bORPH$cKTS0$d2020-07-08$eKoopman$i41D21$l0$oBIB4 US.SOU$p20120150$r2021-01-12 00:00:00$w2021-01-12$yBOO$OKoopman
=999  \\$d11378

