=LDR  01475cam a2200325 a 4500
=001  11381
=005  20250716123225.0
=008  021204s2002\\\\ne\a\\\\\\\\\\001\0\dut\d
=010  \\$a  2002543550
=020  \\$a9057301881
=035  \\$a(OCoLC)ocm51229852
=040  \\$aCUY$cCUY$dDLC
=041  \\$adut
=245  10$aHofwijck:$bhet gedicht en de buitenplaats van Constantijn Huygens
=260  \\$aZutphen$bWalburg$c2002
=300  \\$a160 p. :$bill. ;$c23 x 25 cm.
=504  \\$aIncludes bibliographical references (p. 153-156) and index.
=590  \\$aTon van Strien en Kees van der Leer ; Ad Leerintveld (eindredactie) ; Ben Bregman (beeldredactie).
=600  \0$aHuygens, Constantijn$d1596-1687$1http://www.wikidata.org/entity/Q560746$95174
=610  \0$aHofwijck (Voorburg, Netherlands)$91589
=648  \0$a17th Century (1601-1700)$1http://www.wikidata.org/entity/Q7016$920923
=650  \0$aArchitecture$1http://www.wikidata.org/entity/Q12271$93185
=650  \0$aPoetry$1http://www.wikidata.org/entity/Q482$93026
=651  \0$aNetherlands$1http://www.wikidata.org/entity/Q55$9173
=700  \2$aHuygens, Constantijn$d1596-1687$4aut$1http://www.wikidata.org/entity/Q560746$95174
=700  \2$aStrien, Ton van$4aut$914161
=700  \\$aLeer, Kees van der$4aut$914279
=942  \\$cBOO
=952  \\$00$10$2ddc$40$6BIO_HUYG_E$70$8BIO$911368$aORPH$bORPH$cKTS1_P$d2020-07-08$eKoopman$i42E10$l0$oBIO HUYG e$p20122041$r2021-01-12 00:00:00$w2021-01-12$yBOO
=999  \\$c11381$d11381

