=LDR  01390aam a2200277   4500
=001  11383
=005  20251103160836.0
=008  211213s1985\\\\\\\g||||\b|||\001\0\eng\d
=041  \\$aeng
=100  \\$aStrohm, Reinhard$d1942-$4aut$918985
=245  \\$aEssays on Handel and Italian Opera
=260  \\$aCambridge$bCambridge University Press$c1985
=300  \\$ax-303 pages
=600  \0$aHandel, George Frideric$d1685-1759$1http://www.wikidata.org/entity/Q7302$94765
=600  \0$aVivaldi, Antonio$d1678-1741$1http://www.wikidata.org/entity/Q1340$911980
=600  \0$aVinci, Leonardo$d1690-1730$1http://www.wikidata.org/entity/Q29577$96144
=600  \0$aScarlatti, Alessandro$d1660-1725$1http://www.wikidata.org/entity/Q183087$913800
=600  \0$aGasparini, Francesco$d1661-1727$1http://www.wikidata.org/entity/Q446955$95534
=648  \0$a18th Century (1701-1800)$1http://www.wikidata.org/entity/Q7015$920899
=650  \0$aOpera$1http://www.wikidata.org/entity/Q1344$92468
=650  \0$aMusical analysis$1http://www.wikidata.org/entity/Q1544924$92775
=651  \0$aItaly$1http://www.wikidata.org/entity/Q38$922
=651  \0$aLondon (United Kingdom)$1http://www.wikidata.org/entity/Q84$9123
=942  \\$cBOO
=952  \\$00$10$2ddc$40$6TOP_IT_5_000000000000000$70$8TOP$911370$aORPH$bORPH$cKTS0$d2020-07-08$eKoopman$i43G43$oTOP IT 5$p20126758$r2021-01-12 00:00:00$w2021-01-12$yBOO
=999  \\$d11383

