=LDR  01353cam a2200277 a 4500
=001  11386
=005  20250121142127.0
=008  050804s2004\\\\gw\ag\\\\b\\\\001\0\ger\d
=020  \\$a3795211417 (cl.)
=040  \\$aOI
=041  \\$ager
=100  \\$aStrümper, Marc$914287$4aut
=245  14$aDie Viola da Gamba am Wiener Kaiserhof:$bUntersuchungen zur Instrumenten- und Werkgeschichte der Wiener Hofmusikkapelle im 17. und 18. Jahrhundert
=260  \\$aTutzing$bSchneider$c2004
=300  \\$a420 pages$billustrations, music$c24 cm
=490  \\$aPublikationen des Instituts für österreichische Musikdokumentation$v28
=504  \\$aIncludes bibliographical references and index.
=648  \0$a17th Century (1601-1700)$1http://www.wikidata.org/entity/Q7016$920923
=648  \0$a18th Century (1701-1800)$1http://www.wikidata.org/entity/Q7015$920899
=650  \0$aViola da gamba$1http://www.wikidata.org/entity/Q96066477$93955
=650  \0$aCourt$1http://www.wikidata.org/entity/Q1134237$922191
=650  \0$aMusic history$1http://www.wikidata.org/entity/Q846047$921373
=651  \0$aAustria$1http://www.wikidata.org/entity/Q40$9202
=942  \\$cBOO
=952  \\$00$10$2ddc$40$6INS_4_000000000000000_5D_STRU$70$8INS$911373$aORPH$bORPH$cKTS0$d2020-07-08$eKoopman$i29C24$l0$oINS4.5d STRU$p20123461$r2021-01-12 00:00:00$w2021-01-12$yBOO$OKoopman
=999  \\$d11386

