=LDR  01314cam a2200301 a 4500
=001  11391
=005  20250313103421.0
=008  170609s2016\\\\gw\ao\\\\\\\\\000\0\ger\d
=010  \\$a  2017427270
=020  \\$a9783943135787
=040  \\$aOI
=041  \\$ager
=245  10$aJohann Valentin Rathgeber.$bLeben und Werk
=250  \\$a1st ed.
=260  \\$aMunich$bVerlag Sankt Michaelsbund$c2016
=300  \\$a152 pages, [8] pages of plates$billustrations (chiefly color), photos$c21 cm
=504  \\$aIncludes bibliographical references and index.
=561  \\$aHandwritten dedication from the authors
=600  \0$aRathgeber, Valentin$d1682-1750$1http://www.wikidata.org/entity/Q883137$914293
=648  \0$a18th Century (1701-1800)$1http://www.wikidata.org/entity/Q7015$920899
=650  \0$aComposer$1http://www.wikidata.org/entity/Q36834$93625
=650  \0$aBiography$1http://www.wikidata.org/entity/Q36279$91927
=651  \0$aGermany$1http://www.wikidata.org/entity/Q183$9155
=700  \\$aStühlmeyer, Barbara$1http://www.wikidata.org/entity/Q807655$914292$4aut
=700  \\$aStühlmeyer, Ludger$914294$4aut
=942  \\$cBOO
=952  \\$00$10$2ddc$40$6BIO_RATH_D$70$8BIO$911378$aORPH$bORPH$cKTS1_P$d2020-07-08$eKoopman$i47D03$oBIO RATH d$p20123709$r2021-01-12 00:00:00$w2021-01-12$yBOO$OKoopman
=999  \\$d11391

