=LDR  01127aam a2200229   4500
=001  11393
=008  250521s1970\\\\||||||||\||||\00|\0bdut\d
=020  \\$a9011917170
=041  \\$adut
=100  \\$aStuiveling, Garmt$d1907-1985$914295$4aut
=245  \\$aMemoriaal van Bredero:$bDocumentaire van een dichterleven
=260  \\$aCulemborg$bTjeenk Willink$c1970
=600  \0$aBredero, Gerbrand Adriaenszoon$d1585-1618$1http://www.wikidata.org/entity/Q560740$94858
=648  \0$a16th Century (1501-1600)$1http://www.wikidata.org/entity/Q7017$920944
=648  \0$a17th Century (1601-1700)$1http://www.wikidata.org/entity/Q7016$920923
=650  \0$aWriter$1http://www.wikidata.org/entity/Q36180$93885
=650  \0$aPoet$1http://www.wikidata.org/entity/Q49757$92954
=650  \0$aBiography$1http://www.wikidata.org/entity/Q36279$91927
=651  \0$aNetherlands$1http://www.wikidata.org/entity/Q55$1http://www.wikidata.org/entity/Q29999$9173
=942  \\$cBOO
=952  \\$00$10$2ddc$40$6BIO_BRED_D$70$8BIO$911380$aORPH$bORPH$cKTS1_P$d2020-07-08$eKoopman$i20F39$oBIO BRED d$p20128111$r2021-01-12 00:00:00$w2021-01-12$yBOO$OKoopman
=999  \\$d11393

