=LDR  01686nam a2200349 a 4500
=001  11394
=005  20250121142127.0
=008  850812s1947\\\\ne\\\\\\\\\\\\\\\\\\dut\\
=040  \\$aOI
=041  \\$adut
=100  \\$aStuiveling, Garmt$d1907-1985$4aut$914295
=245  10$aRekenschap
=250  \\$a2nd ed.
=260  \\$aAmsterdam$bQuerido$c1947
=300  \\$a300 pages
=534  \\$aOriginally published in 1940
=561  \\$aEx libris Nel J. Timmer (plate designed by Anton Pieck)
=600  \0$aCoornhert, Dirck Volckertszoon$d1522-1590$1http://www.wikidata.org/entity/Q765465$98643
=600  \0$aVondel, Joost van den$d1587-1679$1http://www.wikidata.org/entity/Q312673$95247
=600  \0$aJapiks, Gysbert$1http://www.wikidata.org/entity/Q562144$97283
=600  \0$aWolff, Betje$d1738-1804$1http://www.wikidata.org/entity/Q183007$95119
=600  \0$aDeken, Aagje$d1741-1804$1http://www.wikidata.org/entity/Q255601$95922
=600  \0$aGorter, Herman$d1864-1927$1http://www.wikidata.org/entity/Q325191$95069
=648  \0$a16th Century (1501-1600)$1http://www.wikidata.org/entity/Q7017$920944
=648  \0$a17th Century (1601-1700)$1http://www.wikidata.org/entity/Q7016$920923
=648  \0$a18th Century (1701-1800)$1http://www.wikidata.org/entity/Q7015$920899
=648  \0$a19th Century (1801-1900)$1http://www.wikidata.org/entity/Q6955$920935
=650  \0$aLiterature$1http://www.wikidata.org/entity/Q8242$94439
=651  \0$aNetherlands$1http://www.wikidata.org/entity/Q55$9173
=942  \\$cBOO
=952  \\$00$10$2ddc$40$6LIT_STUI_A$70$8LIT$911381$aORPH$bORPH$cKM12_2_H$d2020-07-08$eKoopman$i42A38$oLIT STUI a$p20122114$r2021-01-12 00:00:00$w2021-01-12$yBOO
=999  \\$d11394

