=LDR  00374    a2200109   4500
=001  11397
=100  \\$aSuaudeau, R.$914298
=245  \\$aIntroduction à l'harmonie de Rame
=260  \\$c1960
=942  \\$cBOO
=952  \\$00$10$2ddc$40$6BIO_RAME_E$70$8BIO$911384$aORPH$bORPH$cKTS1_P$d2020-07-08$eKoopman$i23G17$oBIO RAME e$p20125771$r2021-01-12 00:00:00$w2021-01-12$yBOO$OKoopman
=999  \\$c11397$d11397

