=LDR  01012aam a2200229   4500
=001  11401
=005  20250121142127.0
=008  230213s1928\\\\||||||||\||||\00|\0\spa\d
=040  \\$cOI
=041  \\$aspa
=100  \\$aSubirá, José$d1882-1980$4aut$1http://www.wikidata.org/entity/Q5945670$914299
=245  \\$aLa tonadilla escénica$nTomo primero$pConcepto, fuentes y juicios. Origen e historia
=260  \\$aMadrid$bTipografía de Archivos$c1928
=300  \\$a465 pages
=561  \\$aHandwritten dedication by the author
=648  \0$a18th Century (1701-1800)$1http://www.wikidata.org/entity/Q7015$920899
=650  \0$aTopos$1http://www.wikidata.org/entity/Q15177520$925740
=650  \0$aMusic history$1http://www.wikidata.org/entity/Q846047$921373
=651  \0$aSpain$1http://www.wikidata.org/entity/Q29$920983
=942  \\$cBOO
=952  \\$00$10$2ddc$40$6TOP_ES_5_000000000000000$70$8TOP$911388$aORPH$bORPH$cKTS0$d2020-07-08$eKoopman$i31C09$l0$oTOP ES 5$p20123261$r2021-01-12 00:00:00$w2021-01-12$yBOO
=999  \\$d11401

