=LDR  01267cam a22002894a 4500
=001  11402
=005  20250121142127.0
=008  050808s2005\\\\it\a\\\\\b\\\\000\0\ita\d
=010  \\$a  2005376780
=020  \\$a8831786490 :$c36.00 EUR
=040  \\$aOI
=041  \\$aita
=100  \\$aTiepolo, Giovanni Domenico$d1726?-1804$4art$1http://www.wikidata.org/entity/Q435316$914300
=245  10$aGiandomenico Tiepolo:$bscene di vita quotidiana a Venezia e nella terraferma
=250  \\$a1st ed.
=260  \\$aVenice$bMarsilio$c2005
=300  \\$a199 pages$billustrations (some color)$c29 cm
=504  \\$aIncludes bibliographical references (p. 197-199).
=600  \0$aTiepolo, Giovanni Domenico$d1726?-1804$1http://www.wikidata.org/entity/Q435316$914300
=648  \0$a18th Century (1701-1800)$1http://www.wikidata.org/entity/Q7015$920899
=650  \0$aFine art$1http://www.wikidata.org/entity/Q219625$921579
=651  \0$aVenice (Italy)$1http://www.wikidata.org/entity/Q641$91
=700  \\$aGealt, Adelheid M.$4edt$914302
=700  \\$aKnox, George$d1922-$4edt$914303
=942  \\$cBOO
=952  \\$00$10$2ddc$40$6BIO_TIEP1_D$70$8BIO$911389$aORPH$bORPH$cKTS1_P$d2020-07-08$eKoopman$i35F11$oBIO TIEP1 d$p20120681$r2021-01-12 00:00:00$w2021-01-12$yBOO$OKoopman
=999  \\$d11402

