=LDR  01308cam a2200265 a 4500
=001  11403
=005  20250926135309.0
=008  930811s1993\\\\gw\acf\\\\\\\\001\0bger\\
=020  \\$a3487097036
=040  \\$aOI
=245  00$aCarl Philipp Emanuel Bach im Spiegel seiner Zeit :$bdie Dokumentensammlung Johann Jacob Heinrich Westphals /$chrsg. und kommentiert von Ernst Suchalla.
=260  \\$aHildesheim ;$aNew York :$bG. Olms,$c1993.
=300  \\$a325 p. :$bill., port., pl. ;$c25 cm.
=504  \\$aIncludes bibliographical references (p. 263-265) and indexes.
=600  \0$aBach, Carl Philipp Emanuel$d1714-1788$1http://www.wikidata.org/entity/Q76428$99218
=650  \0$aComposer$1http://www.wikidata.org/entity/Q36834$93625
=700  \\$aWestphal, Johann Jakob Heinrich$914304
=700  \\$aSuchalla, Ernst$99222
=730  02$9952$aDokumentensammlung Johann Jacob Heinrich Westphals.$f1993.
=942  \\$cBOO
=952  \\$00$10$2ddc$40$6BIO_BACH2_B$70$8BIO$911390$aORPH$bORPH$cKTS1_P$d2020-07-08$eKoopman$i31A09$l1$oBIO BACH2 b$p20121163$r2023-05-25 00:00:00$s2023-05-25$w2021-01-12$yBOO
=999  \\$c11403$d11403
=490  \\$aStudien und Materialien zur Musikwissenschaft,$vBd. 8
=651  \0$aGermany$1http://www.wikidata.org/entity/Q183$9155
=650  \0$aBiography$1http://www.wikidata.org/entity/Q36279$91927

