=LDR  01312aam a2200265   4500
=001  11404
=005  20251003085458.0
=008  250107s2009\\\\|||a||||\c|||\00|\0\dut\d
=020  \\$a9789040086397
=041  \\$adut
=245  \\$aKamers vol kunst in zeventiende-eeuws Antwerpen
=260  \\$c2009$aAntwerp$bRubenshuis
=300  \\$a144 pages
=590  \\$aTentoonstelling Rubenshuis Antwerpen 28 november 2009-28 februari 2010, Mauritshuis Den Haag 25 maart-27 juni 2010
=648  \0$a17th Century (1601-1700)$1http://www.wikidata.org/entity/Q7016$920923
=650  \0$aFine art$1http://www.wikidata.org/entity/Q219625$921579
=650  \0$aCollecting$1http://www.wikidata.org/entity/Q208165$92117
=650  \0$aExhibition$1http://www.wikidata.org/entity/Q464980$925353
=650  \0$aCatalogue$1http://www.wikidata.org/entity/Q2352616$1http://www.wikidata.org/entity/Q6941730$921484
=651  \0$aAntwerp (Belgium)$1http://www.wikidata.org/entity/Q12892$920974
=700  \\$aSuchtelen, Ariane van$1http://www.wikidata.org/entity/Q16069119$4aut$914305
=700  \\$aBeneden, Ben van$4aut$939381
=942  \\$cBOO
=952  \\$00$10$2ddc$40$6TOP_BE_ANT_5_000000000000000$70$8TOP$911391$aORPH$bORPH$cKTS0$d2020-07-08$eKoopman$i25B15$l0$oTOP BE.ANT 5$p20129209$r2021-01-12 00:00:00$w2021-01-12$yBOO$OKoopman
=999  \\$d11404

