=LDR  01186nam a2200265 a 4500
=001  11405
=005  20250925143259.0
=008  830117s1980\\\\ne\a\\\\\\\\\\001\0\dut\\
=020  \\$a9026980981
=040  \\$aOI
=041  \\$adut
=100  \\$aSuèr, Henk$4aut$914306
=245  10$aGoden van de engelenbak:$btheatergeschiedenis van Gijsbrecht tot Ko van Dijk
=260  \\$aBussum$bGooise Uitgeverij$c1980
=300  \\$a120 pages$billustrations$c29 cm
=648  \0$a17th Century (1601-1700)$1http://www.wikidata.org/entity/Q7016$920923
=648  \0$a18th Century (1701-1800)$1http://www.wikidata.org/entity/Q7015$920899
=648  \0$a19th Century (1801-1900)$1http://www.wikidata.org/entity/Q6955$920935
=648  \0$a20th Century (1901-2000)$1http://www.wikidata.org/entity/Q6927$920936
=650  \0$aTheater history$1http://www.wikidata.org/entity/Q1061140$94607
=650  \0$aMusic history$1http://www.wikidata.org/entity/Q846047$921373
=651  \0$aNetherlands$1http://www.wikidata.org/entity/Q55$9173
=942  \\$cBOO
=952  \\$00$10$2ddc$40$6TOP_NL$70$8TOP$911392$aORPH$bORPH$cKTS0$d2020-07-08$eKoopman$i20B06$oTOP NL$p20128004$r2021-01-12 00:00:00$w2021-01-12$yBOO
=999  \\$d11405

