=LDR  01073cam a2200241 i 4500
=001  11406
=008  801125s1980\\\\gw\a\\\\\b\\\\001\0\ger\\
=041  \\$ager
=100  \\$aSulzmann, Bernd$4aut$923714
=245  10$aHistorische Orgeln in Baden. 1690-1890 
=260  \\$aMünchen $aZürich $bSchnell und Steiner$c1980
=300  \\$a295 pages$bill. (some col.) $c23 cm
=490  1\$aVeröffentlichung der Gesellschaft der Orgelfreunde $v73
=500  \\$aIncludes indexes
=504  \\$aBibliography: p. 283-284.
=650  \0$aOrgan$1http://www.wikidata.org/entity/Q1444$92810
=650  \0$aOrgan music$1http://www.wikidata.org/entity/Q2003283$91951
=650  \0$aChurch$1http://www.wikidata.org/entity/Q16970$93776
=651  \0$aGermany$1http://www.wikidata.org/entity/Q183$9155
=651  \0$aBaden-Württemberg (Germany)$1http://www.wikidata.org/entity/Q985$922802
=942  \\$cBOO
=952  \\$00$10$2ddc$40$6INS_3_100000000000000_A_DE_BAD$70$8INS$911393$aORPH$bORPH$cKTS0$d2020-07-08$eKoopman$i24B20$oINS3.1 a DE.BAD$p20128733$r2021-01-12 00:00:00$w2021-01-12$yBOO
=999  \\$d11406

