=LDR  00961cam a2200217 i 4500
=001  11407
=008  800709s1979\\\\gw\afgh\\b\\\\000\0\ger\\
=041  \\$ager
=245  10$aDas Werkstattbuch der kurpfälzischen orgelmager Wiegleb
=260  \\$aBerlin$bMerseburger$c1993
=300  \\$a80 pages
=490  1\$aVeröffentlichung der Gesellschaft der Orgelfreunde
=600  10$1http://www.wikidata.org/entity/Q95776$aWiegleb, Johann Christian$d1732-1800$926317
=648  \0$a18th Century (1701-1800)$1http://www.wikidata.org/entity/Q7015$920899
=650  \0$aOrgan$1http://www.wikidata.org/entity/Q1444$92810
=650  \0$aOrganology$1http://www.wikidata.org/entity/Q899293$921400
=700  \\$aSulzmann, Bernd$4edt$923714
=700  1\$aWinter, Willy$4ctb$926316
=942  \\$cBOO
=952  \\$00$10$2ddc$40$6INS_3_000000000000000_1B_WIEG$70$8INS$911394$aORPH$bORPH$cKTS0$d2020-07-08$eKoopman$i30B17$oINS3.1b WIEG$p20123409$r2021-01-12 00:00:00$w2021-01-12$yBOO
=999  \\$d11407

