=LDR  01292aam a2200229   4500
=001  11408
=008  250617s1898\\\\|||fpc||\||||\00|\0dfre\d
=041  \\$afre
=100  \\$aFilon, Marie$d1842-1902$1http://www.wikidata.org/entity/Q22809421$914309$4aut
=245  \\$aQuelques salons de Paris au XIIIe siecle
=260  \\$c1898$aParis$bMay
=300  \\$a270 pages
=520  \\$aPublished in 1898, this book deals with the literary salons of eighteenth-century Paris. The author, Marie Filon pseudonym Mary Summer, describes the history of the salons, their places and personalities, and their influence on the intellectual and cultural life of France at the time.
=590  \\$aOuvrage orné de 10 portraits
=648  \0$a18th Century (1701-1800)$1http://www.wikidata.org/entity/Q7015$920899
=650  \0$aSalon$1http://www.wikidata.org/entity/Q576342$923251
=650  \0$aCultural history$1http://www.wikidata.org/entity/Q858517$922395
=651  \0$aParis (France)$1http://www.wikidata.org/entity/Q90$9160
=856  \\$uhttps://gallica.bnf.fr/view3if/ga/ark:/12148/bpt6k1249254
=942  \\$cBOO
=952  \\$00$10$2ddc$40$6TOP_FR_PAR_5_000000000000000$70$8TOP$911395$aORPH$bORPH$cKTS0$d2020-07-08$eKoopman$i47F43$l0$oTOP FR.PAR 5$p20129731$r2021-01-12 00:00:00$w2021-01-12$yBOO$OKoopman
=999  \\$d11408

