=LDR  01157    a2200265   4500
=001  11409
=008  220126s1962\\\\-ukaf|||\||||\00|\0\eng\d
=041  \\$aeng
=100  \\$aSumner, William Leslie$d1904-1973$4aut$914310
=245  \\$aThe Organ
=250  \\$aThird Edition-Revised and Enlarged
=260  \\$c1962$aLondon$bMacdonald
=300  \\$a544 pages
=336  \\$aprinted
=648  \0$aPast$1http://www.wikidata.org/entity/Q192630$922196
=650  \0$aOrgan$1http://www.wikidata.org/entity/Q1444$92810
=650  \0$aOrgan$1http://www.wikidata.org/entity/Q1444$92810
=650  \0$aOrganology$1http://www.wikidata.org/entity/Q899293$921400
=650  \0$aMusic history$1http://www.wikidata.org/entity/Q846047$921373
=650  \0$aTemperament$1http://www.wikidata.org/entity/Q55073971$921656
=650  \0$aPedal$1http://www.wikidata.org/entity/Q4591805$922613
=650  \0$aHistorically informed performance$1http://www.wikidata.org/entity/Q1344860$920980
=942  \\$cBOO
=952  \\$00$10$2ddc$40$6INS_3_000000000000000_1B$70$8INS$911396$aORPH$bORPH$cKTS0$d2020-07-08$eKoopman$i44D01$oINS3.1b$p20126638$r2021-01-12 00:00:00$w2021-01-12$yBOO
=999  \\$d11409

