=LDR  00953cam a22002171  4500
=001  11410
=005  20250926134856.0
=008  950727s1950\\\\gw\abcf\\b\\\\000\0dger\\
=040  \\$aOI
=041  \\$ager
=245  00$aJohann Sebastian Bach und Leipzig zu seiner Zeit
=260  \\$aLeipzig$bBreitkopf & Härtel$c1950
=300  \\$a36 pages$billustrations, map, portraits, plates, facsimiles, general table$c21 cm
=504  \\$aBibliography: p. 30-32.
=600  \0$aBach, Johann Sebastian$d1685-1750$1http://www.wikidata.org/entity/Q1339$94766
=648  \0$a18th Century (1701-1800)$1http://www.wikidata.org/entity/Q7015$920899
=650  \0$aComposer$1http://www.wikidata.org/entity/Q36834$93625
=651  \0$aLeipzig (Germany)$1http://www.wikidata.org/entity/Q2079$945
=942  \\$cBOO
=952  \\$00$10$2ddc$40$6BIO_BACH1_E$70$8BIO$911397$aORPH$bORPH$cKTS1_P$d2020-07-08$eKoopman$i19C22$oBIO BACH1 e$p20127908$r2021-01-12 00:00:00$w2021-01-12$yBOO
=999  \\$d11410

