=LDR  01079cam a22002534a 4500
=001  11411
=005  20250120120914.0
=008  090515s2009\\\\au\\\\\\\bd\\\000\0\ger\\
=020  \\$a9783201018883
=020  \\$a3201018880
=040  \\$aOI
=100  \\$aSuppan, Wolfgang$d1933-2015$1http://www.wikidata.org/entity/Q1442195$914312
=245  10$aSteirisches Musiklexikon
=250  \\$a2., völlig überarbeitet und erw. Aufl. der Ausg. 1962-1966.
=260  \\$aGraz$bAkademische Druck- u. Verlagsanstalt$c2009
=300  \\$axi, 804 pages$c28 cm.
=504  \\$aIncludes bibliographical references.
=650  \0$aDictionary$1http://www.wikidata.org/entity/Q23622$921580
=650  \0$aMusic history$1http://www.wikidata.org/entity/Q846047$921373
=651  \0$aAustria$1http://www.wikidata.org/entity/Q40$9202
=651  \0$aStyria (Austria)$1http://www.wikidata.org/entity/Q41358$926130
=942  \\$cBOO
=952  \\$00$10$2ddc$40$6TOP_AT_STE$70$8TOP$911398$aORPH$bORPH$cKTS0$d2020-07-08$eKoopman$i45B16$l0$oTOP AT.STE$p20127394$r2021-01-12 00:00:00$w2021-01-12$yBOO$OKoopman
=999  \\$d11411

