=LDR  00762aam a2200181   4500
=001  11415
=008  250902s1986\\\\||||||||\||||\00|\0\eng\d
=020  \\$a902420934X
=041  \\$aeng
=100  \\$aSutton, Peter C.$911837$4aut
=245  \\$aA Guide to Dutch Art in America
=260  \\$aGrand Rapids, MI$bThe Netherlands-American Amity Trust$c1986
=650  \0$aFine art$1http://www.wikidata.org/entity/Q219625$921579
=651  \0$aNetherlands$1http://www.wikidata.org/entity/Q55$1http://www.wikidata.org/entity/Q29999$9173
=651  \0$aUSA$1http://www.wikidata.org/entity/Q30$943
=942  \\$cBOO
=952  \\$00$10$2ddc$40$6TOP_NL$70$8TOP$911402$aORPH$bORPH$cKTS0$d2020-07-08$eKoopman$i18C25$l0$oTOP NL$p20127077$r2021-01-12 00:00:00$w2021-01-12$yBOO$OKoopman
=999  \\$d11415

