=LDR  02137nam a2200325 a 4500
=001  11416
=003  OI
=005  20250120120522.0
=008  000710i19281934be\\\\\\r\\\\\000\d\dut\d
=040  \\$aOI
=041  \\$adut
=100  \\$aSwaen, Michiel de$d1654-1707$4aut$1http://www.wikidata.org/entity/Q559303$922807
=245  13$aWerken
=260  \\$aAntwerp$bDe Sikkel$c1928-34
=300  \\$a6 vols.
=561  \\$3BIB.VOLK.001801/1$aHerkomst: Ex libris Paul De Keyser
=648  \0$a17th Century (1601-1700)$1http://www.wikidata.org/entity/Q7016$920923
=650  \0$aPlay (theater)$1http://www.wikidata.org/entity/Q25379$921414
=650  \0$aPoetry$1http://www.wikidata.org/entity/Q482$93026
=651  \0$aFlanders (Belgium)$1http://www.wikidata.org/entity/Q234$989
=700  \\$aCelen, Vital$d1887-1956$922808
=700  \\$aHuysmans, Camille$d1871-1968$4edt$922809
=942  \\$cBOO
=952  \\$00$10$2ddc$3I: De toneelspelen I$40$6LIT_SWAE_A$70$8LIT$911403$aORPH$bORPH$cKM12_2_H$d2020-07-08$eKoopman$i40C10$oLIT SWAE a$p20120283$r2021-01-12 00:00:00$w2021-01-12$yBOO
=952  \\$00$10$2ddc$3II: De toneelspelen II$40$6LIT_SWAE_A$70$8LIT$911404$aORPH$bORPH$cKM12_2_H$d2020-07-08$eKoopman$i40C10$oLIT SWAE a$p20120282$r2021-01-12 00:00:00$w2021-01-12$yBOO
=952  \\$00$10$2ddc$3III: Het leven en de dood van Jezus Christus I$40$6LIT_SWAE_A$70$8LIT$911405$aORPH$bORPH$cKM12_2_H$d2020-07-08$eKoopman$i40C10$oLIT SWAE a$p20120281$r2021-01-12 00:00:00$w2021-01-12$yBOO
=952  \\$00$10$2ddc$3IV: Het leven en de dood van Jezus Christus II$40$6LIT_SWAE_A$70$8LIT$911406$aORPH$bORPH$cKM12_2_H$d2020-07-08$eKoopman$i40C10$oLIT SWAE a$p20120280$r2021-01-12 00:00:00$w2021-01-12$yBOO
=952  \\$00$10$2ddc$3V: Verscheyden Godtvruchtige en Sedige Rym-Wercken I$40$6LIT_SWAE_A$70$8LIT$911407$aORPH$bORPH$cKM12_2_H$d2020-07-08$eKoopman$i40C10$oLIT SWAE a$p20120279$r2021-01-12 00:00:00$w2021-01-12$yBOO
=952  \\$00$10$2ddc$3VI: Verscheyden Godtvruchtige en Sedige Rym-Wercken II$40$6LIT_SWAE_A$70$8LIT$911408$aORPH$bORPH$cKM12_2_H$d2020-07-08$eKoopman$i40C10$oLIT SWAE a$p20120278$r2021-01-12 00:00:00$w2021-01-12$yBOO
=999  \\$d11416

