=LDR  02958cam a2200265 a 4500
=001  11432
=008  830815s1974\\\\gw\\\\\\\\\\\\000\0\mul\\
=020  \\$a3777274127
=041  \\$ager$aita$afre$aeng
=100  \\$aŚwierk, Alfred G.$d1931-2022$1http://www.wikidata.org/entity/Q110488171$4edt$926765
=245  10$aBeiträge zur Geschichte des Buches und seiner Funktion in der Gesellschaft. $bFestschrift für Hans Widmann zum 65. Geburtstag am 28. März, 1973
=260  \\$aStuttgart $bHiersemann$c1974
=300  \\$a340 pages$c24 cm
=504  \\$aIncludes bibliographical references.
=505  \\$gBesslich, S. Anrede an das Buch. Gedanken zu einem Topos in der römischen Dichtung. 
Bohatcová, M. Das gedruckte Buch in Bömen vor 1526. Mit einer Karte im Text.
Borsa, F. Zwei unbekannte Wiegendrucke in der Franziskanerbibliothek von Güssing.
Brauer, A. Henning Gross (Grosse), der "Erste" Buchhändler in Leipzig und seine Bedeutung für den deutschen Buchhändel.
Donati, L. Il libro xilografico come mezzo mnemonico.
Geldner, F. Eggesteiniana.
Göpfert, H.G. Lesefrüchte.
Goff, F.R. Bridge builders from the past to the present.
Köster, K. Woran starb Gutenbergs Strassburger Geschäftsgenosse Andreas Dritzehn?
Kunze, H. Lesehilfen einst und jetzt.
Labarre, A. Sur la transmission des livres anciens.
Lůlfing, H. Johann Gottlob Immanuel Breitkopf als Historiker des Buchwesens.
Mazal, O. Bibliothekare als Träger buch- und bibliotheksgeschichlicher Forschung.
Meyer-Dohm, P. Anlässe und Motive für die Erforschung des Buchwesens.
Rhodes, D.E. Two early German editins of Proclus.
Richter, G. Bibliographische Beiträge zur Geschichte buchhändlerischer Kataloge im 16. und 17. Jahrhundert.
Rosenfeld, H. Brants "Narrenschiff" und seine Stellung in der Publizistik und zur Gesellschaft.
Schelkle, K.H. "Bringe die Bücher mit".
Schunke, I. Die Renaissanceeinbandkunst in Bologna.
Soltész, E. Über die gesellschaftliche Funktion des Buches in Ungarn.
Strauss, W. Bemerkungen zur gesellschaftlichen Relevanz von Buchgemeinschaften.
Thompson, L.S. The Southern and Midwestern book competitions.
Wendt, F. Antiquare und Preise antiquarischer Bücher.
Besslich-Widmann, S. Bibliographie der Schriften von Hans Widmann.
Besslich-Widmann, S. Namen- und Ortsregister.
=650  \0$aIncunable$1http://www.wikidata.org/entity/Q216665$93964
=650  \0$aBook$1http://www.wikidata.org/entity/Q571$92285
=650  \0$aCultural history$1http://www.wikidata.org/entity/Q858517$922395
=650  \0$aBibliography$1http://www.wikidata.org/entity/Q134995$93965
=650  \0$aCollecting$1http://www.wikidata.org/entity/Q208165$92117
=650  \0$aBookbinding$1http://www.wikidata.org/entity/Q240471$94369
=700  \\$aWindmann, Hans$4dte$926766
=942  \\$cBOO
=952  \\$00$10$2ddc$40$6BIB_2_000000000000000_WIDM$70$8BIB$911419$aORPH$bORPH$cKTS0$d2020-07-08$eKoopman$i33F04$l0$oBIB2 WIDM$p20120913$r2021-01-12 00:00:00$w2021-01-12$yBOO$OKoopman
=999  \\$d11432

