=LDR  00362    a2200109   4500
=001  11433
=100  \\$aSwillens, P. T. A.$914320
=245  \\$aJacob van Campen
=260  \\$c1961
=942  \\$cBOO
=952  \\$00$10$2ddc$40$6BIO_CAMP_D$70$8BIO$911420$aORPH$bORPH$cKTS1_P$d2020-07-08$eKoopman$i28B07$oBIO CAMP d$p20123609$r2021-01-12 00:00:00$w2021-01-12$yBOO$OKoopman
=999  \\$c11433$d11433

