=LDR  00911    a2200217   4500
=001  11434
=008  220603s1976\\\\||||||||\e|||\00|\0ddut\d
=020  \\$a9027408882
=041  \\$adut
=245  \\$aPrisma schilders lexicon
=260  \\$aUtrecht$bSpectrum$c1976
=300  \\$a2 vols.
=534  \\$aOriginally published in 1958
=650  \0$aFine art$1http://www.wikidata.org/entity/Q219625$921579
=650  \0$aDictionary$1http://www.wikidata.org/entity/Q23622$921580
=700  \\$4aut$aSwillens, P. T. A.$914320
=700  \\$4aut$aJong, Constance de$924034
=942  \\$cBOO
=952  \\$00$10$2ddc$3vol. 1$40$6VIS_SWIL$70$8VIS$911421$aORPH$bORPH$cKTS1_H$d2020-07-08$eKoopman$i40D09$oVIS SWIL$p20122308$r2021-01-12 00:00:00$w2021-01-12$yBOO
=952  \\$00$10$2ddc$3vol. 2$40$6VIS_SWIL$70$8VIS$911422$aORPH$bORPH$cKTS1_H$d2020-07-08$eKoopman$i40D09$oVIS SWIL$p20122307$r2021-01-12 00:00:00$w2021-01-12$yBOO
=999  \\$d11434

