=LDR  00929    a2200205   4500
=001  11436
=008  230315s2014\\\\nl\fo|||\||||\00|\0\dut\d
=041  \\$adut
=100  \\$aSyrier, Rémy Guillaume J.B.$914321$4aut
=245  \\$aDe orgelmakers Joseph en Adam Binvignat. Maastrichtse Orgelbouw in de Nadagen van het Ancien Régime en in het begin van de Moderne Tijd
=260  \\$c2014$aMaastricht
=300  \\$a299 pages
=600  \0$925865$aBinvignat, Adam
=600  \0$aBinvignat, Joseph$925866
=650  \0$aOrgan$1http://www.wikidata.org/entity/Q1444$92810
=650  \0$aOrganology$1http://www.wikidata.org/entity/Q899293$921400
=651  \0$aMaastricht (Netherlands)$1http://www.wikidata.org/entity/Q1309$921732
=942  \\$cBOO
=952  \\$00$10$2ddc$40$6INS_3_000000000000000_1B_BINV$70$8INS$911423$aORPH$bORPH$cKTS0$d2020-07-08$eKoopman$i45F03$l0$oINS3.1b BINV$p20127523$r2021-01-12 00:00:00$w2021-01-12$yBOO$OKoopman
=999  \\$d11436

