=LDR  01582cam a2200313 a 4500
=001  11437
=008  941108s1994\\\\pl\a\\\\\bc\\\001\0\eng\\
=041  \\$aeng
=100  1\$aSzablowski, Jerzy$1http://www.wikidata.org/entity/Q11725489$4aut$4edt$914323
=245  00$aThe Flemish Arrases of the Royal Castle in Cracow
=260  \\$aAntwerp$bFonds Mercator$aWarsaw$bArkady$c1994
=300  \\$a394 pages$c34 cm.
=504  \\$aIncludes bibliographical references (p. 379-[384]) and index.
=600  \0$aSigismund II Augustus$cKing of Poland$d1520-1572$bII Augustus,$1http://www.wikidata.org/entity/Q54058$914322
=610  \0$aZamek Królewski na Wawelu (Kraków, Poland)$91591
=648  \0$a16th Century (1501-1600)$1http://www.wikidata.org/entity/Q7017$920944
=650  \0$aApplied arts$1http://www.wikidata.org/entity/Q2865882$921627
=650  \0$aTapestry$1http://www.wikidata.org/entity/Q184296$926233
=650  \0$aFine art$1http://www.wikidata.org/entity/Q219625$921579
=650  \0$aCultural history$1http://www.wikidata.org/entity/Q858517$922395
=651  \0$aFlanders (Belgium)$1http://www.wikidata.org/entity/Q234$989
=651  \0$aKraków (Poland)$1http://www.wikidata.org/entity/Q31487$924842
=700  \\$aMisiag-Bochenska, A.$4aut$922731
=700  \\$aHennel-Bernasikowa, M.$4aut$922732
=700  \\$aPiwocka, M.$4aut$922733
=765  \\$aArrasy wawelskie
=942  \\$cBOO
=952  \\$00$10$2ddc$40$6TOP_PL_KRA_4_000000000000000$70$8TOP$911424$aORPH$bORPH$cKTS0$d2020-07-08$eKoopman$iQ54058$oTOP PL.KRA 4$p20128032$r2021-01-12 00:00:00$w2021-01-12$yBOO
=999  \\$d11437

