=LDR  01362cam a2200289 a 4500
=001  11441
=005  20250120120527.0
=008  911004s1990\\\\ne\a\\\\\bc\\f000\0\dut\\
=020  \\$a907124010X
=040  \\$aOI
=041  1\$adut$hhun
=245  10$aMiddeleeuwse Nederlandse kunst uit Hongarije:$been keuze uit de collecties van het Museum voor Schone Kunsten, Boedapest, en het Museum voor Christelijke Kunst, Esztergom
=260  \\$aUtrecht$bRijksmuseum Het Catharijneconvent$c1990
=300  \\$a128 pages$bill. (some col.)$c30 cm
=500  \\$aCatalog of an exhibition held Sept. 1-Nov. 5, 1990 at the Rijksmuseum Het Catharijneconvent.
=504  \\$aIncludes bibliographical references (p. 120-127).
=648  \0$aMiddle Ages (500-1400)$1http://www.wikidata.org/entity/Q12554$920964
=650  \0$aFine art$1http://www.wikidata.org/entity/Q219625$921579
=651  \0$aNetherlands$1http://www.wikidata.org/entity/Q55$9173
=651  \0$aHungary$1http://www.wikidata.org/entity/Q28$921233
=700  \\$aSzmodis-Eszláry, Éva$4aut$922964
=700  \\$aUrbach, Zsuzsa$4aut$922965
=700  \\$aHelleman, Onno$4edt$922966
=700  \\$aKeller, Anna$4trl$922967
=942  \\$cBOO
=952  \\$00$10$2ddc$40$6TOP_NL_3_000000000000000$70$8TOP$911428$aORPH$bORPH$cKTS0$d2020-07-08$eKoopman$i21G29$oTOP NL 3$p20125558$r2021-01-12 00:00:00$w2021-01-12$yBOO
=999  \\$d11441

