=LDR  00817aam a2200193   4500
=001  11442
=008  250903s1969\\\\||||||||\||||\00|\0\pol\d
=041  \\$apol
=100  \\$aSzweykowski, Z. M.$914327$4aut
=245  \\$aBarok 3, noty
=260  \\$aKraków$bPWM$c1969
=490  \\$aMusica antiqua polonica. Antologia
=648  \0$a17th Century (1601-1700)$1http://www.wikidata.org/entity/Q7016$920923
=648  \0$a18th Century (1701-1800)$1http://www.wikidata.org/entity/Q7015$920899
=650  \0$aEarly music$1http://www.wikidata.org/entity/Q436016$93160
=651  \0$aPoland$1http://www.wikidata.org/entity/Q36$996
=942  \\$cBOO
=952  \\$00$10$2ddc$40$6TOP_PL_5_000000000000000$70$8TOP$911429$aORPH$bORPH$cKTS0$d2020-07-08$eKoopman$i18C23$l0$oTOP PL 5$p20127079$r2021-01-12 00:00:00$w2021-01-12$yBOO$OKoopman
=999  \\$d11442

