=LDR  01081cam a2200253 a 4500
=001  11443
=005  20250120115946.0
=008  850531m19869999pl\agh\\\b\\\\000\0dpol\\
=020  \\$a8322402953 (v. 1)
=020  \\$a8322402929 (set)
=040  \\$aOI
=245  00$aGrzegorz Gerwazy Gorczycki :$bstudia i katalog tematyczny /$credakcja Zygmunt M. Szweykowski.
=250  \\$aWyd. 1.
=260  \\$aKraków :$bPolskie Wydawn. Muzyczne,$c1986-
=300  \\$av. <1   > :$btabs., music, facsims. ;$c24 cm.
=504  \\$aIncludes bibliographical references.
=600  \0$aGorczycki, Grzegorz Gerwazy,$d1660-1734$914328
=600  \0$aGorczycki, Grzegorz Gerwazy$d1660-1734$1http://www.wikidata.org/entity/Q954608$914329
=700  \\$aSzweykowski, Zygmunt$912772
=700  \\$aGorczycki, Grzegorz Gerwazy,$d1660-1734.$911213
=942  \\$cBOO
=952  \\$00$10$2ddc$40$6BIO_GORC_C$70$8BIO$911430$aORPH$bORPH$cKTS1_P$d2020-07-08$eKoopman$i32E14$oBIO GORC c$p20122854$r2021-01-12 00:00:00$w2021-01-12$yBOO$OKoopman
=999  \\$c11443$d11443
=490  \\$aMuzyka polska w dokumentacjach i interpretacjach

