=LDR  01005cam a22002291  4500
=001  11444
=005  20250311101023.0
=008  781003r19701888sz\ag\\\\b\\\\000\0\fre\\
=040  \\$aOI
=041  \\$afre
=100  \\$aArbeau, Thoinot$d1519-1595$4aut$1http://www.wikidata.org/entity/Q919152$919416
=245  10$aOrchésographie : réimpression précédée d'une notice sur les danses du XVIe siècle
=260  \\$aGenève$bSlatkine Reprints$c1970
=300  \\$axxviii-105 pages
=590  \\$aOrchésographie : réimpression précédée d'une notice sur les danses du XVIe siècle par Laure Fonta
=648  \0$a16th Century (1501-1600)$1http://www.wikidata.org/entity/Q7017$920944
=650  \0$aDance$1http://www.wikidata.org/entity/Q6034$924845
=653  \\$adance music
=700  \\$aFonta, Laure$4win$921070
=942  \\$cBOO
=952  \\$00$10$2ddc$40$6TRE_ARBE$70$8TRE$911431$aORPH$bORPH$cKTS1_H$d2020-07-08$eKoopman$i20B40$l0$oTRE ARBE$p20127964$r2021-01-12 00:00:00$w2021-01-12$yTYPE_UNK
=999  \\$c11444$d11444

