=LDR  01422aam a2200289   4500
=001  11446
=005  20251003085458.0
=008  230608s1987\\\\||||||||\||||\00|\0\ita\d
=041  \\$aita
=100  \\$aTagliavini, Luigi Ferdinando$d1929-2017$1http://www.wikidata.org/entity/Q327719$4col$4aut$914041
=245  \\$aClavicembali e spinette dal XVI a XIX secolo, collezione L.F. Tagliavini
=260  \\$aBologna$bGrafis$c1987
=300  \\$a243 pages
=648  \0$1http://www.wikidata.org/entity/Q7017$a16th Century (1501-1600)$920944
=648  \0$1http://www.wikidata.org/entity/Q7016$a17th Century (1601-1700)$920923
=648  \0$1http://www.wikidata.org/entity/Q6955$a19th Century (1801-1900)$920935
=650  \0$1http://www.wikidata.org/entity/Q81982$aHarpsichord$92125
=650  \0$1http://www.wikidata.org/entity/Q623941$aSpinet$924515
=650  \0$1http://www.wikidata.org/entity/Q899293$aOrganology$921400
=650  \0$1http://www.wikidata.org/entity/Q2352616$aCatalogue$921484
=651  \0$1http://www.wikidata.org/entity/Q1891$aBologna (Italy)$921973
=700  \\$4ctb$aMeer, John Henry van der$912682
=700  \\$4ctb$926295$aBergamini, W.
=700  \\$4ctb$aHellwig, Friedemann$911504
=942  \\$cBOO
=952  \\$00$10$2ddc$40$6INS_3_000000000000000_2A_IT_BOL$70$8INS$911432$aORPH$bORPH$cKTS0$d2020-07-08$eKoopman$i21C12$l0$oINS3.2a IT.BOL$p20128227$r2021-01-12 00:00:00$w2021-01-12$yBOO$OKoopman
=999  \\$d11446

