=LDR  01114aam a2200217   4500
=001  11447
=008  230222s1967\\\\||||||||\||||\00|\0\ger\d
=041  \\$ager
=100  \\$aTagmann, P.M.$914333$4aut
=245  \\$aArchivalische Studien zur Musikpflege am Dom von Mantua (1500-1627)
=260  \\$aBern$aStuttgart$bHaupt$c1967
=490  \\$aPublikationen der Schweizerischen Musikforschenden Gesellschaft Serie II$v14
=610  \0$aDuomo di Mantova (Mantua, Italy)$1http://www.wikidata.org/entity/Q650678$925759
=648  \0$a16th Century (1501-1600)$1http://www.wikidata.org/entity/Q7017$920944
=648  \0$a17th Century (1601-1700)$1http://www.wikidata.org/entity/Q7016$920923
=650  \0$aMusic history$1http://www.wikidata.org/entity/Q846047$921373
=650  \0$aChurch music$1http://www.wikidata.org/entity/Q8812109$92283
=651  \0$aMantua (Italy)$1http://www.wikidata.org/entity/Q6247$921593
=942  \\$cBOO
=952  \\$00$10$2ddc$40$6TOP_IT_MAN_4_000000000000000$70$8TOP$911433$aORPH$bORPH$cKTS0$d2020-07-08$eKoopman$i35E22$l0$oTOP IT.MAN 4$p20122490$r2021-01-12 00:00:00$w2021-01-12$yBOO$OKoopman
=999  \\$d11447

