=LDR  01308cam a2200265 a 4500
=001  11449
=005  20250121142127.0
=008  891120s1990\\\\enkacfg\\b\\\\001\0beng\\
=020  \\$a0193152452 :$c£27.50 (est.)
=040  \\$aOI
=041  \\$aeng
=100  \\$aTalbot, Michael$d1943-$4aut$1http://www.wikidata.org/entity/Q1427144$914335
=245  10$aTomaso Albinoni:$bThe Venetian Composer and His World
=260  \\$aOxford$bClarendon$aNew York$bOxford University Press$c1990
=300  \\$avi-308 pages, [8] pages of plates$billustrations, portraits, music, facsimiles$c24 cm
=504  \\$aIncludes bibliographical references (p. [289]-290) and index.
=600  \0$aAlbinoni, Tomaso$d1671-1750$1http://www.wikidata.org/entity/Q174606$914336
=648  \0$a17th Century (1601-1700)$1http://www.wikidata.org/entity/Q7016$920923
=648  \0$a18th Century (1701-1800)$1http://www.wikidata.org/entity/Q7015$920899
=650  \0$aComposer$1http://www.wikidata.org/entity/Q36834$93625
=650  \0$aBiography$1http://www.wikidata.org/entity/Q36279$91927
=651  \0$aVenice (Italy)$1http://www.wikidata.org/entity/Q641$91
=942  \\$cBOO
=952  \\$00$10$2ddc$40$6BIO_ALBI_D$70$8BIO$911435$aORPH$bORPH$cKTS1_P$d2020-07-08$eKoopman$i19B44$oBIO ALBI d$p20125076$r2021-01-12 00:00:00$w2021-01-12$yBOO
=999  \\$d11449

