=LDR  01539cam a2200325 a 4500
=001  11450
=005  20250120120157.0
=008  940214s1994\\\\enkafg\\\b\\\\001\0beng\d
=010  \\$a   94183011 
=015  \\$aGB94-6583
=020  \\$a0198163789 :$c£35.00
=035  \\$a(OCoLC)30036166
=040  \\$aUk$cUk$dCU-A$dDLC
=042  \\$alccopycat
=043  \\$ae-it---
=100  \\$aTalbot, Michael$d1943-$1http://www.wikidata.org/entity/Q1427144$914335
=245  10$aBenedetto Vinaccesi :$ba musician in Brescia and Venice in the age of Corelli /$cMichael Talbot.
=260  \\$aOxford :$bClarendon Press ;$aNew York :$bOxford University Press,$c1994.
=300  \\$axii, 356 p., [8] p. of plates :$bill., music ;$c24 cm.
=504  \\$aIncludes bibliographical references (p. [333]-338) and index.
=600  \0$aVinaccesi, Benedetto$d1666-1719$1http://www.wikidata.org/entity/Q737983$914337
=650  \0$aComposer$1http://www.wikidata.org/entity/Q36834$93625
=856  \\$uhttp://www.loc.gov/catdir/enhancements/fy0603/94183011-d.html$3Publisher description
=856  \\$uhttp://www.loc.gov/catdir/enhancements/fy0603/94183011-t.html$3Table of contents only
=942  \\$cBOO
=952  \\$00$10$2ddc$40$6BIO_VINA_D$70$8BIO$911436$aORPH$bORPH$cKTS1_P$d2020-07-08$eKoopman$i28E32$oBIO VINA d$p20121402$r2021-01-12 00:00:00$w2021-01-12$yBOO$OKoopman
=999  \\$c11450$d11450
=490  \\$aOxford monographs on music
=651  \0$aItaly$1http://www.wikidata.org/entity/Q38$922
=650  \0$aBiography$1http://www.wikidata.org/entity/Q36279$91927

