=LDR  01137aam a2200241   4500
=001  11451
=008  220624s1991\\\\||||||||\||||\00|\0dita\d
=041  \\$aeng$dita
=100  \\$aTalbot, Michael$d1943-$4aut$1http://www.wikidata.org/entity/Q1427144$914335
=245  \\$aVivaldi:$bfonti e letteratura critica
=260  \\$aFlorence$bOlschki$c1991
=490  \\$aStudi di Musica Veneta, Quaderni Vivaldiani$v5
=600  \0$aVivaldi, Antonio$d1678-1741$1http://www.wikidata.org/entity/Q1340$911980
=648  \0$a17th Century (1601-1700)$1http://www.wikidata.org/entity/Q7016$920923
=648  \0$a18th Century (1701-1800)$1http://www.wikidata.org/entity/Q7015$920899
=650  \0$aComposer$1http://www.wikidata.org/entity/Q36834$93625
=650  \0$aBiography$1http://www.wikidata.org/entity/Q36279$91927
=651  \0$aItaly$1http://www.wikidata.org/entity/Q38$922
=700  \\$4trl$aZoppelli, Luca$925379
=765  \\$aAntonio Vivaldi: A Guide to Research
=942  \\$cBOO
=952  \\$00$10$2ddc$40$6BIO_VIVA_C$70$8BIO$911437$aORPH$bORPH$cKTS1_P$d2020-07-08$eKoopman$i31C06$oBIO VIVA c$p20123264$r2021-01-12 00:00:00$w2021-01-12$yBOO
=999  \\$d11451

