=LDR  01202aam a2200253   4500
=001  11452
=008  210624s1990\\\\\\\bf|||\||||\00|\0deng\d
=020  \\$a9780460046022
=041  \\$aeng
=100  \\$aSadie, Julie Anne$d1930-2015$4edt$919217
=245  \\$aCompanion to Baroque Music
=260  \\$aLondon$bDent$c1990
=300  \\$axviii-549 pages
=504  \\$aSelective Bibliography of Recent Books in English, p. 505 -- Index, p. 510
=590  \\$aCompiled and edited by Julie Anne Sadie. Foreword by Christopher Hogwood
=648  \0$a17th Century (1601-1700)$1http://www.wikidata.org/entity/Q7016$920923
=648  \0$a18th Century (1701-1800)$1http://www.wikidata.org/entity/Q7015$920899
=650  \0$aMusic history$1http://www.wikidata.org/entity/Q846047$921373
=650  \0$aBaroque$1http://www.wikidata.org/entity/Q37853$921255
=651  \0$aEurope$1http://www.wikidata.org/entity/Q46$991
=700  \\$4win$aHogwood, Christopher$d1941-2014$1http://www.wikidata.org/entity/Q435198$918287
=942  \\$cBOO
=952  \\$00$10$2ddc$40$6GHM_5_000000000000000$70$8GHM$911438$aORPH$bORPH$cKM12_1$d2020-07-08$eKoopman$i43B01$l1$oGHM5$p20127251$r2022-10-06 00:00:00$s2022-09-01$w2021-01-12$yBOO
=999  \\$d11452

