=LDR  02320cam a2200397 p 4500
=001  11456
=005  20250120120916.0
=008  790130s1978\\\\ne\a\\\\\b\\\\001\0\dut\\
=015  \\$aNe78-33
=020  \\$a902464268X :$cfl 16.50
=040  \\$aOI
=245  10$aLangs Nederlandse Orgels 
=260  \\$aBaarn$bBosch & Keuning$c1978
=300  \\$a4 vols (160+160+160+160 pages)$c21 cm
=490  \\$aLangs Nederlandse Orgels
=504  \\$aBibliography: p. 59
=650  \0$aOrgan$1http://www.wikidata.org/entity/Q1444$92810
=650  \0$aOrganology$1http://www.wikidata.org/entity/Q899293$921400
=651  \0$aNetherlands$1http://www.wikidata.org/entity/Q55$9173
=651  \0$aZeeland (Netherlands)$1http://www.wikidata.org/entity/Q705$922789
=651  \0$aNorth Brabant (Netherlands)$1http://www.wikidata.org/entity/Q1101$924978
=651  \0$aFriesland (Netherlands)$1http://www.wikidata.org/entity/Q770$921961
=651  \0$aGelderland (Netherlands)$1http://www.wikidata.org/entity/Q775$923129
=651  \0$aHolland (Netherlands)$1http://www.wikidata.org/entity/Q102911$926183
=700  \\$4edt$aHonders, Casper$1http://www.wikidata.org/entity/Q85848596$924977
=700  \\$4edt$aSteensma, Regnerus$912194
=700  \\$4ctb$aJongepier, Jan$d1941-2011$1http://www.wikidata.org/entity/Q1681910$919428
=700  \\$4ctb$aOs, J. F. van$913086
=700  \\$4ctb$aTalstra, Frans$919168
=700  \\$4ctb$aHarst, J. J. Hans van der$911417
=942  \\$cBOO
=952  \\$00$10$2ddc$3Gronoingen-Friesland-Drenthe$40$6INS_3_000000000000000_1A_NL$70$8INS$911442$aORPH$bORPH$cKTS0$d2020-07-08$eKoopman$i24A22$l0$oINS3.1a NL$p20128706$r2021-01-12 00:00:00$w2021-01-12$yBOO$OKoopman
=952  \\$00$10$2ddc$3Overijssel-Gelderland$40$6INS_3_000000000000000_1A_NL$70$8INS$921913$aORPH$bORPH$cKTS0$d2020-07-08$eKoopman$i24A21$l0$oINS3.1a NL$p20128707$r2021-01-12 00:00:00$w2021-01-12$yBOO
=952  \\$00$10$2ddc$3Zeeland-Brabant-Limburg$40$6INS_3_000000000000000_1A_NL$70$8INS$921914$aORPH$bORPH$cKTS0$d2020-07-08$eKoopman$i24A19$l0$oINS3.1a NL$p20128709$r2021-01-12 00:00:00$w2021-01-12$yBOO
=952  \\$00$10$2ddc$3North Holland-Zuid Holland-Utrecht$40$6INS_3_000000000000000_1A_NL$70$8INS$921915$aORPH$bORPH$cKTS0$d2020-07-08$eKoopman$i24A20$l0$oINS3.1a NL$p20128708$r2021-01-12 00:00:00$w2021-01-12$yBOO
=999  \\$d11456

