=LDR  01076aam a2200241   4500
=001  11458
=008  230320s2015\\\\||||||||\||||\00|\0bita\d
=020  \\$a9788897489153
=041  \\$aita
=245  \\$aCarlo Gesualdo,$bL'uomo, il suo tempo, la musica
=260  \\$aAvellino$bIl Terebinto$c2015
=490  \\$aCollanda di Storia del Mezzogiorno$v8
=600  \0$aGesualdo, Carlo$cPrincipe di Venosa$dc. 1560-1613$922008
=648  \0$a16th Century (1501-1600)$1http://www.wikidata.org/entity/Q7017$920944
=648  \0$a17th Century (1601-1700)$1http://www.wikidata.org/entity/Q7016$920923
=650  \0$aComposer$1http://www.wikidata.org/entity/Q36834$93625
=650  \0$aBiography$1http://www.wikidata.org/entity/Q36279$91927
=651  \0$aItaly$1http://www.wikidata.org/entity/Q38$922
=700  \\$4aut$914343$aTarantino Fraternali, O.
=700  \\$4aut$aFabris, Dinko$d1958-$910797
=942  \\$cBOO
=952  \\$00$10$2ddc$40$6BIO_GESU_D$70$8BIO$911444$aORPH$bORPH$cKTS1_P$d2020-07-08$eKoopman$i46D35$oBIO GESU d$p20127672$r2021-01-12 00:00:00$w2021-01-12$yBOO$OKoopman
=999  \\$d11458

