=LDR  01335cam a2200277 a 4500
=001  11460
=008  100226s2007\\\\sz\agh\\\b\\\\000\0\mul\d
=010  \\$a  2010369298
=020  \\$a9783905786026 (hd.bd.)
=028  30$aBP 2180$bAmadeus
=041  1\$ager$aeng$hita$hger$hfre$heng
=245  10$aBläserartikulation in der Alten Musik: eine kommentierte Quellensammlung.$bArticulation in Early Wind Music: A Source Book with Commentary
=260  \\$aWinterthur $bAmadeus$c2007
=300  \\$a272 pages$bill., music, facsims.$c31 cm.
=490  \\$aPrattica musicale $v8
=504  \\$aIncludes bibliographical references (p. [271]-272) and glossary.
=650  \0$aWind instrument$1http://www.wikidata.org/entity/Q173453$94615
=650  \0$aArticulation$1http://www.wikidata.org/entity/Q372923$922209
=650  \0$aHistorically informed performance$1http://www.wikidata.org/entity/Q1344860$920980
=650  \0$aMusic history$1http://www.wikidata.org/entity/Q846047$921373
=700  \\$aDickey, Bruce$d1948-$4aut$1http://www.wikidata.org/entity/Q3070571$910271
=700  \\$aTarr, Edward H.$4aut$914345
=700  \\$aMoths, Angelika$4edt$914346
=942  \\$cBOO
=952  \\$00$10$2ddc$40$6INS_6D_TARR$70$8INS$911446$aORPH$bORPH$cKTS0$d2020-07-08$eKoopman$i44C30$oINS6d TARR$p20126639$r2021-01-12 00:00:00$w2021-01-12$yTYPE_UNK
=999  \\$d11460

