=LDR  00814    a2200205   4500
=001  11461
=008  220615s1980\\\\it\f||||\||||\00|\0\ita\d
=041  \\$aita
=245  \\$aGli Antichi Organi della Diocesi di Savona e Noli
=260  \\$c1980$aSavona$bEditrice Liguria
=300  \\$a265 pages
=336  \\$aprinted
=650  \0$aOrgan$1http://www.wikidata.org/entity/Q1444$92810
=650  \0$aOrganology$1http://www.wikidata.org/entity/Q899293$921400
=651  \0$aLiguria (Italy)$1http://www.wikidata.org/entity/Q1256$924377
=700  \\$4aut$aTarrini, Maurizio$914347
=700  \\$4aut$aPozzo, Aroldo$924376
=942  \\$cBOO
=952  \\$00$10$2ddc$40$6INS_3_000000000000000_1E_IT_LIG$70$8INS$911447$aORPH$bORPH$cKTS0$d2020-07-08$eKoopman$i24C16$oINS3.1e IT.LIG$p20129042$r2021-01-12 00:00:00$w2021-01-12$yBOO
=999  \\$d11461

