=LDR  01403cam a22002771a 4500
=001  11462
=005  20250121142127.0
=008  111026r19661754gw\ag\\\\b\\\\000\0\ger\\
=041  1\$ager$hita
=100  \\$aTartini, Giuseppe$d1692-1770$4aut$1http://www.wikidata.org/entity/Q108555$95536
=245  10$aTraktat über die Musik: gemäss der wahren Wissenschaft von der Harmonie
=246  \1$aTraktat über die Musik gemäß der wahren Wissenschaft von der Harmonie
=260  \\$aDüsseldorf$bGesellschaft zur Förderung der systematischen Musikwissenschaft$c1966
=300  \\$a397 pages
=490  \\$aOrpheus, Schriftenreihe zu Grundfragen der Musik$v6
=500  \\$aTranslation of Trattato di musica secondo la vera scienza dell'armonia.
=648  \0$a18th Century (1701-1800)$1http://www.wikidata.org/entity/Q7015$920899
=650  \0$aMusic theory$1http://www.wikidata.org/entity/Q193544$92662
=650  \0$aHarmony$1http://www.wikidata.org/entity/Q184421$92358
=650  \0$aAcoustics$1http://www.wikidata.org/entity/Q82811$921365
=651  \0$aItaly$1http://www.wikidata.org/entity/Q38$922
=700  \\$aRubeli, Alfred$d1927-2001$4trl$921274
=765  \\$aTrattato di musica secondo la vera scienza dell’armonia
=942  \\$cBOO
=952  \\$00$10$2ddc$40$6TRE_TART$70$8TRE$911448$aORPH$bORPH$cKTS1_H$d2020-07-08$eKoopman$i30F19$oTRE TART$p20123311$r2021-01-12 00:00:00$w2021-01-12$yBOO
=999  \\$d11462

