=LDR  01785cam a2200409 a 4500
=001  11464
=005  20250120120157.0
=008  090619s2009\\\\gw\ag\\\\mb\\\000\0\ger\d
=010  \\$a  2009496301
=016  7\$a993228607$2DE-101
=016  7\$a995595135$2DE-101
=020  \\$a9783793095798 (pbk.)
=020  \\$a3793095797 (pbk.)
=035  \\$a(OCoLC)ocn377790237
=035  \\$a(OCoLC)377790237
=040  \\$aOHX$cOHX$dPUL$dHEBIS$dDLC
=042  \\$alccopycat
=043  \\$ae-gx---
=072  \7$aML$2lcco
=100  \\$aTasler, Angelika$914350
=245  14$aDie Kirchenmusik Peter von Winters (1754-1825) :$bLeben und Wirken des Münchner Hofkapellmeisters /$cAngelika Tasler.
=250  \\$a1. Aufl.
=260  \\$aFreiburg :$bRombach Verlag,$c2009.
=300  \\$a260 p. :$bill., music ;$c23 cm.
=490  \\$aRombach Wissenschaft.$vBd. 11
=502  \\$aThesis (doctoral)--Universität, Freiburg, 2007.
=504  \\$aIncludes bibliographical references (p. 243-258).
=600  \0$aWinter, Peter von$d1754-1825$1http://www.wikidata.org/entity/Q561047$98194
=650  \0$aComposer$1http://www.wikidata.org/entity/Q36834$93625
=650  \0$aMass$1http://www.wikidata.org/entity/Q217295$92735
=650  \0$aChurch music$1http://www.wikidata.org/entity/Q8812109$92283
=650  \0$aCatholicism$1http://www.wikidata.org/entity/Q1841$921631
=651  \0$aGermany$1http://www.wikidata.org/entity/Q183$9155
=942  \\$cBOO
=952  \\$00$10$2ddc$3vol. 2$40$6BIO_WINT_E$70$8BIO$911449$aORPH$bORPH$cKTS1_P$d2020-07-08$eKoopman$i36F06$oBIO WINT e$p20120670$r2021-01-12 00:00:00$w2021-01-12$yBOO
=952  \\$00$10$2ddc$3vol. 1$40$6BIO_WINT_E$70$8BIO$911450$aORPH$bORPH$cKTS1_P$d2020-07-08$eKoopman$i38B08$oBIO WINT e$p20120470$r2021-01-12 00:00:00$w2021-01-12$yBOO
=999  \\$d11464

