=LDR  01066cam a22002294a 4500
=001  11465
=005  20250926134856.0
=008  061107s2006\\\\enka\\\\\b\\\\001\0\eng\\
=020  \\$a0521028019
=040  \\$aOI
=100  \\$aTatlow, Ruth$914352
=245  10$aBach and the riddle of the number alphabet /$cRuth Tatlow.
=260  \\$aCambridge ;$aNew York :$bCambridge University Press,$c2006.
=300  \\$axiii, 186 p. :$bill. ;$c24 cm.
=504  \\$aIncludes bibliographical references (p. 168-177) and index.
=600  \0$aBach, Johann Sebastian$d1685-1750$1http://www.wikidata.org/entity/Q1339$94766
=650  \0$aSymbol$1http://www.wikidata.org/entity/Q80071$93606
=856  \\$uhttp://www.loc.gov/catdir/enhancements/fy0703/2006285896-d.html$3Publisher description
=856  \\$uhttp://www.loc.gov/catdir/enhancements/fy0703/2006285896-t.html$3Table of contents only
=942  \\$cBOO
=952  \\$00$10$2ddc$40$6BIO_BACH1_E$70$8BIO$911451$aORPH$bORPH$cKTS1_P$d2020-07-08$eKoopman$i38E29$oBIO BACH1 e$p20120371$r2021-01-12 00:00:00$w2021-01-12$yBOO
=999  \\$c11465$d11465

