=LDR  00589    a2200181   4500
=001  11466
=003  OSt
=005  20230123100201.0
=008  210208b\\\\\\\\\\\|||||\||||\00|\0\eng\d
=040  \\$cST
=041  \\$ager
=100  \\$aTaubert, K. H.$4aut$914353
=245  \\$aHöfische Tänze. Ihre Geschichte und Choreographie.
=260  \\$c1968$aMainz$bB. Schott's Söhne
=300  \\$a199 pages
=942  \\$cBOO$2ddc
=952  \\$00$10$2ddc$40$6GEN_17_000000000000000$70$8GEN$911452$aORPH$bORPH$cKM12_1$d2020-07-08$eKoopman$l0$oGEN 17$p20125135$r2021-01-12 00:00:00$w2021-01-12$yBOO
=999  \\$c11466$d11466

