=LDR  00399    a2200121   4500
=001  11468
=020  \\$a911772847
=100  \\$aTaylor, T. F.$914355
=245  \\$aThematic catalog of the works of
=260  \\$c1977
=942  \\$cBOO
=952  \\$00$10$2ddc$40$6BIO_CLAR_C$70$8BIO$911454$aORPH$bORPH$cKTS1_P$d2020-07-08$eKoopman$i32B17$oBIO CLAR c$p20122948$r2021-01-12 00:00:00$w2021-01-12$yBOO$OKoopman
=999  \\$c11468$d11468

