=LDR  00361    a2200109   4500
=001  11472
=100  \\$aTeldy Naïm, R.$914359
=245  \\$aSept soleils dur la neige
=260  \\$c1962
=942  \\$cBOO
=952  \\$00$10$2ddc$40$6LIT_TELD_A$70$8LIT$911458$aORPH$bORPH$cKM12_2_H$d2020-07-08$eKoopman$i40G19$oLIT TELD a$p20122202$r2021-01-12 00:00:00$w2021-01-12$yBOO
=999  \\$c11472$d11472

