=LDR  01063    a2200217   4500
=001  11474
=008  210921s1981\\\\|||ag|||\||||\00|\0bger\d
=100  \\$aRackwitz, Werner$4edt$922257
=245  \\$aSingen ist das Fundament zur Music in allen Dingen:$bEine Dokumentensammlung
=260  \\$aLeipzig$bReclam$c1981
=300  \\$a376 pages
=600  \0$aTelemann, Georg Philipp$d1681-1767$1http://www.wikidata.org/entity/Q75854$99287
=648  \0$a18th Century (1701-1800)$1http://www.wikidata.org/entity/Q7015$920899
=650  \0$aComposer$1http://www.wikidata.org/entity/Q36834$93625
=650  \0$aBiography$1http://www.wikidata.org/entity/Q36279$91927
=650  \0$aCorrespondence$1http://www.wikidata.org/entity/Q1784733$921392
=650  \0$aIconography$1http://www.wikidata.org/entity/Q208145$921259
=651  \0$aGermany$1http://www.wikidata.org/entity/Q183$9155
=942  \\$cBOO
=952  \\$00$10$2ddc$40$6BIO_TELE_A$70$8BIO$911460$aORPH$bORPH$cKTS1_P$d2020-07-08$eKoopman$i32G18$l1$oBIO TELE a$p20122807$r2021-09-23 00:00:00$s2021-09-21$w2021-01-12$yBOO
=999  \\$d11474

