=LDR  00656    a2200169   4500
=001  11477
=008  230310s1925\\\\nl\|||||\||||\00|\0\dut\d
=041  \\$adut
=100  \\$aTelman, T.$914361
=245  \\$aHet orgel. Een hand- en leerboek der orgelboukust
=260  \\$cs.d.$aEnschede$bE. G. Kulvers
=300  \\$a185 pages
=650  \0$aOrgan$1http://www.wikidata.org/entity/Q1444$92810
=650  \0$aOrganology$1http://www.wikidata.org/entity/Q899293$921400
=942  \\$cBOO
=952  \\$00$10$2ddc$40$6INS_3_000000000000000_1B$70$8INS$911463$aORPH$bORPH$cKTS0$d2020-07-08$eKoopman$i46E26$l0$oINS3.1b$p20126941$r2021-01-12 00:00:00$w2021-01-12$yBOO$OKoopman
=999  \\$d11477

