=LDR  01169aam a2200253   4500
=001  11478
=005  20251003153523.0
=008  230510s1997\\\\||||||||\||||\00|\0\dut\d
=020  \\$a9080370010
=041  \\$adut
=245  \\$aDe naamborden, rouwborden en tekstborden in de Grote Kerk te Haarlem
=260  \\$c1997$aVereniging Vrienden van de Grote of St.-Bavokerk$bHaarlem
=300  \\$a24 pages
=490  \\$aBavoreeks$v1
=610  \0$aGrote of Sint-Bavokerk (Haarlem, Netherlands)$1http://www.wikidata.org/entity/Q1545193$925357
=648  \0$1http://www.wikidata.org/entity/Q6927$a20th Century (1901-2000)$920936
=650  \0$1http://www.wikidata.org/entity/Q16970$aChurch$93776
=650  \0$1http://www.wikidata.org/entity/Q234460$aText$94267
=651  \0$1http://www.wikidata.org/entity/Q9920$aHaarlem (Netherlands)$921584
=700  \\$4aut$914362$aTemminck-van Dijkhuizen, M.H.G.B
=700  1\$1http://www.wikidata.org/entity/Q47456331$4aut$aTemminck, J. J.$926178
=942  \\$cBOO
=952  \\$00$10$2ddc$40$6TOP_NL_HAA$70$8TOP$911464$aORPH$bORPH$cKTS0$d2020-07-08$eKoopman$i44E21$l0$oTOP NL.HAA$p20126577$r2021-01-12 00:00:00$w2021-01-12$yBOO$OKoopman
=999  \\$d11478

