=LDR  01183nam a22002651i 4500
=001  11479
=003  OI
=005  20250205110319.0
=008  080117s1936\\\\gw\||||||\\\\|||||\|||||c
=040  \\$bOI
=041  \\$ager
=100  \\$aTenschert, Roland$4aut$914363
=245  10$aWolfgang Amadeus Mozart 1759-1791:$bsein Leben in Bildern
=260  \\$aLeipzig$bBibliographisches Institut$c1936
=300  \\$a39 pages$b24 pages of plates$c18 cm
=600  \0$aMozart, Wolfgang Amadeus$d1756-1791$1http://www.wikidata.org/entity/Q254$95341
=648  \0$a18th Century (1701-1800)$1http://www.wikidata.org/entity/Q7015$920899
=650  \0$aComposer$1http://www.wikidata.org/entity/Q36834$93625
=650  \0$aBiography$1http://www.wikidata.org/entity/Q36279$91927
=650  \0$aIconography$1http://www.wikidata.org/entity/Q208145$921259
=651  \0$aSalzburg (Austria)$1http://www.wikidata.org/entity/Q34713$921433
=651  \0$aVienna (Austria)$1http://www.wikidata.org/entity/Q1741$920937
=942  \\$cBOO
=952  \\$00$10$2ddc$40$6BIO_MOZA1_D$70$8BIO$911465$aORPH$bORPH$cKTS1_P$d2020-07-08$eKoopman$i43F05$oBIO MOZA1 d$p20126476$r2021-01-12 00:00:00$w2021-01-12$yBOO$OKoopman
=999  \\$d11479

