=LDR  01075cam a2200277 a 4500
=001  11480
=005  20250120120203.0
=008  841108s1984\\\\ne\a\\\\\b\\\\001\0\dut\\
=020  \\$a9064160694 :$cfl 24.50
=040  \\$aOI
=041  \\$adut
=043  \\$ae-ne---
=050  00$aNA5650.A1$bT46 1984
=100  \\$aTepe, Wim$d-1918$4aut$925418
=245  10$aXXIV Paepsche vergaderplaetsen:$bschuilkerken in Amsterdam
=260  \\$aAmstelveen$bLuyten$c1984
=300  \\$a204 pages$billustrations$c20 cm
=490  \\$aGeest en steen$v17
=504  \\$aBibliography: p. 191. Includes index.
=650  \0$aChurch$1http://www.wikidata.org/entity/Q16970$93776
=650  \0$aArchitecture$1http://www.wikidata.org/entity/Q12271$93185
=650  \0$aCatholicism$1http://www.wikidata.org/entity/Q1841$921631
=651  \0$aAmsterdam (Netherlands)$1http://www.wikidata.org/entity/Q727$9135
=942  \\$cBOO
=952  \\$00$10$2ddc$40$6TOP_NL_AMS$70$8TOP$911466$aORPH$bORPH$cKTS0$d2020-07-08$eKoopman$i18D04$l0$oTOP NL.AMS$p20125068$r2021-01-12 00:00:00$w2021-01-12$yBOO$OKoopman
=999  \\$d11480

