=LDR  00798aam a2200181   4500
=001  11481
=008  240128s1967\\\\||||||||\||||\00|\d\eng\d
=041  \\$aeng$hlat
=100  \\$aTerentius$d185-159 BC$1http://www.wikidata.org/entity/Q172048$4aut$95691
=245  \\$aPhormio and Other Plays
=260  \\$aLondon$bPenguin$c1967
=648  \0$aClassical Antiquity (8th Century BC-6th Century AD)$1http://www.wikidata.org/entity/Q486761$921435
=650  \0$aPlay (theater)$1http://www.wikidata.org/entity/Q25379$921414
=651  \0$aRome (Italy)$1http://www.wikidata.org/entity/Q220$949
=700  \\$aRadice, B.$4trl$927000
=942  \\$cBOO
=952  \\$00$10$2ddc$40$6LIT_TERE_A$70$8LIT$911467$aORPH$bORPH$cKM12_2_H$d2020-07-08$eKoopman$i40F25$oLIT TERE a$p20120232$r2021-01-12 00:00:00$w2021-01-12$yBOO
=999  \\$d11481

