=LDR  01760cam a2200325 i 4500
=001  11482
=005  20250513115134.0
=008  760819r19761648gw\afg\\\b\\\\000\0\mul\|
=041  0\$adan$ager
=245  10$aAstree Siunge-Choer:$bførste snees, 1648. De danske viser med deres tyske forlæg af Gabriel Voigtländer og Johann Rist
=260  \\$aNeumünster$bWachholtz$c1976
=300  \\$a239 pages, [24] pages of music, [3] leaves of plates$billustrations$c24 cm
=490  \\$aKieler Studien zur deutschen Literaturgeschichte$v12
=500  \\$aThe Danish songs with their German models by Gabriel Voigtländer and Johann Rist
=504  \\$aBibliography of works by and about S. Terkelsen: p. [218]-235.
=590  \\$aSøren Terkelsen ; udgivet af Erik Sønderholm i samarbejde med Dieter Brandt og Dieter Lohmeier ; melodiudsættelser ved Jørgen Berg.
=648  \0$a17th Century (1601-1700)$1http://www.wikidata.org/entity/Q7016$920923
=650  \0$aPoetry$1http://www.wikidata.org/entity/Q482$93026
=650  \0$aSong$1http://www.wikidata.org/entity/Q7366$94164
=651  \0$aDenmark$1http://www.wikidata.org/entity/Q35$921295
=700  \\$aVoigtländer, Gabriel$d1596-1643$4aut$1http://www.wikidata.org/entity/Q1489760$914368
=700  \\$aRist, Johann$d1607-1667$4aut$1http://www.wikidata.org/entity/Q66615$97559
=700  \\$aTerkelsen, Søren$d?-1656/57$4aut$914367
=700  \\$aSønderholm, Erik$4edt$925403
=700  \\$aBrandt, Dieter$4edt$925404
=700  \\$aLohmeier, Dieter$4edt$914760
=700  \\$aBerg, Jørgen$4cmp$925405
=942  \\$cBOO
=952  \\$00$10$2ddc$40$6TOP_DK_5_000000000000000$70$8TOP$911468$aORPH$bORPH$cKTS0$d2020-07-08$eKoopman$i37A12$l0$oTOP DK 5$p20120624$r2021-01-12 00:00:00$w2021-01-12$yBOO$OKoopman
=999  \\$d11482

