=LDR  00829cam a2200217 a 4500
=001  11483
=005  20250120120038.0
=008  860304s1983\\\\sp\a\\\\\b\\\\001\0\lat\\
=020  \\$a8470941070
=041  0\$aspa$hlat
=100  \\$aRamos de Pareja, Bartolomeo$d1440?-$4aut$914370
=245  00$aMúsica práctica de Bartolomé Ramos de Pareja
=260  \\$aMadrid$bJoyas Bibliográficas$c1983
=300  \\$a346 pages
=490  \\$aColecciones de Joyas Bibliográficas$v16
=650  \0$aMusic theory$1http://www.wikidata.org/entity/Q193544$92662
=700  \\$aTerni, Clemente$4edt$4res$914372
=700  \\$aChiappini, Gaetano$4trl$921384
=942  \\$cBOO
=952  \\$00$10$2ddc$40$6TRE_RAMO$70$8TRE$911469$aORPH$bORPH$cKTS1_H$d2020-07-08$eKoopman$i32B29$l0$oTRE RAMO$p20122937$r2021-01-12 00:00:00$w2021-01-12$yTYPE_UNK
=999  \\$c11483$d11483

