=LDR  00955aam a2200205   4500
=001  11485
=008  241024s1929\\\\||||||||\||||\00|\0ceng\d
=041  \\$aeng
=100  \\$aTerry, Charles Sanford$4aut$914374
=245  \\$aThe Origin of the Family of Bach Musicians
=260  \\$aLondon$bOxford University Press$c1929
=590  \\$aEdited with pedigree tables and a facsimile of Bach's Manuscript
=610  \0$aBach family$1http://www.wikidata.org/entity/Q169509$922324
=648  \0$a16th Century (1501-1600)$1http://www.wikidata.org/entity/Q7017$920944
=648  \0$a17th Century (1601-1700)$1http://www.wikidata.org/entity/Q7016$920923
=650  \0$aGenealogy$1http://www.wikidata.org/entity/Q47307$921635
=651  \0$aGermany$1http://www.wikidata.org/entity/Q183$9155
=942  \\$cBOO
=952  \\$00$10$2ddc$40$6BIO_BACH0_D$70$8BIO$911471$aORPH$bORPH$cKTS1_P$d2020-07-08$eKoopman$i31B36$oBIO BACH0 d$p20121093$r2021-01-12 00:00:00$w2021-01-12$yBOO
=999  \\$d11485

