=LDR  01270aam a2200265   4500
=001  11486
=005  20250926134856.0
=008  241024s1932\\\\||||||||\||||\00|\0\eng\d
=041  \\$aeng
=100  \\$aTerry, Charles Sanford$1http://www.wikidata.org/entity/Q5082345$4aut$914374
=245  \\$aBach's Orchestra
=260  \\$aLondon$bOxford University Press$c1932
=300  \\$axix-250 pages$billustrations, music
=600  \0$aBach, Johann Sebastian$d1685-1750$1http://www.wikidata.org/entity/Q1339$94766
=648  \0$a18th Century (1701-1800)$1http://www.wikidata.org/entity/Q7015$920899
=650  \0$aOrchestra$1http://www.wikidata.org/entity/Q42998$93159
=650  \0$aChoral-orchestral setup$923009
=650  \0$aCourt$1http://www.wikidata.org/entity/Q1134237$922191
=650  \0$aMusic history$1http://www.wikidata.org/entity/Q846047$921373
=651  \0$aWeimar (Germany)$1http://www.wikidata.org/entity/Q3955$921645
=651  \0$aKöthen (Germany)$1http://www.wikidata.org/entity/Q1796771$923000
=651  \0$aLeipzig (Germany)$1http://www.wikidata.org/entity/Q2079$945
=942  \\$cBOO
=952  \\$00$10$40$6BIO_BACH1_E$70$8BIO$911472$aORPH$bORPH$cKTS1_P$d2020-07-08$eKoopman$i32A01$oBIO BACH1 e$p20121004$r2021-01-12 00:00:00$w2021-01-12$yBOO$OKoopman
=999  \\$d11486

