=LDR  01218aam a2200241   4500
=001  11491
=008  250828s1971\\\\|||g||||\m|||\00|\0bger\d
=041  \\$ager
=100  \\$aThalhammer, M.$914379$4aut
=245  \\$aStudien zur Messenkomposition Antonio Caldaras (um 1670-1736)
=260  \\$aWürzburg$bJulius-Maximilians-Universität$c1971
=600  \0$aCaldara, Antonio$d1670-1736$1http://www.wikidata.org/entity/Q311571$914892
=648  \0$a17th Century (1601-1700)$1http://www.wikidata.org/entity/Q7016$920923
=648  \0$a18th Century (1701-1800)$1http://www.wikidata.org/entity/Q7015$920899
=650  \0$aMass$1http://www.wikidata.org/entity/Q217295$92735
=650  \0$aCatholicism$1http://www.wikidata.org/entity/Q1841$921631
=650  \0$aMusic history$1http://www.wikidata.org/entity/Q846047$921373
=650  \0$aMusical analysis$1http://www.wikidata.org/entity/Q1544924$92775
=651  \0$aItaly$1http://www.wikidata.org/entity/Q38$922
=651  \0$aVienna (Austria)$1http://www.wikidata.org/entity/Q1741$920937
=942  \\$cBOO
=952  \\$00$10$2ddc$40$6BIO_CALD_E$70$8BIO$911477$aORPH$bORPH$cKTS1_P$d2020-07-08$eKoopman$i32C45$oBIO CALD e$p20122874$r2021-01-12 00:00:00$w2021-01-12$yBOO$OKoopman
=999  \\$d11491

