=LDR  01212cam a2200253 a 4500
=001  11494
=008  010921s1973\\\\-ukaf\\b\\\\\\000\1\eng\\
=010  \\$a 
=245  14$aEighteenth Century Musical Instruments:$bFrance and Britain
=260  \\$aLondon$bVictoria and Albert Museum$c1973
=300  \\$a225 pages
=500  \\$aText in both French and English
=561  \\$aEx Libris Ton Koopman
=648  \0$a18th Century (1701-1800)$1http://www.wikidata.org/entity/Q7015$920899
=650  \0$aOrganology$1http://www.wikidata.org/entity/Q899293$921400
=651  \0$aEurope$1http://www.wikidata.org/entity/Q46$991
=700  \\$4aut$aChambure, Geneviève Thibault de $d1902-1975$1http://www.wikidata.org/entity/Q5533112$922219
=700  \\$4aut$aJenkins, Jean$911864
=700  \\$4aut$aBran-Ricci, Josiane$922361
=856  \\$uhttp://www.loc.gov/catdir/enhancements/fy1115/2001043899-d.html$3Publisher description
=856  \\$uhttp://www.loc.gov/catdir/enhancements/fy1207/2001043899-b.html$3Contributor biographical information
=942  \\$cBOO
=952  \\$00$10$2ddc$40$6INS_1A_FR$70$8INS$911479$aORPH$bORPH$cLOC_UNK$d2020-07-08$eKoopman$i19A55$oINS1a FR$p20125126$r2021-01-12 00:00:00$w2021-01-12$yBOO
=999  \\$d11494

