=LDR  00975cam a2200241 a 4500
=001  11495
=005  20250120115947.0
=008  841206s1984\\\\ne\a\\\\\bc\\f001\0\dut\\
=020  \\$a9012045797
=040  \\$aOI
=041  \\$adut
=245  10$aPrijst de lijst:$bde Hollandse schilderijlijst in de zeventiende eeuw
=260  \\$aAmsterdam$bRijksmuseum$aThe Hague$bStaatsuitgeverij$c1984
=300  \\$a320 pages$bill.$c30 cm
=504  \\$aIncludes bibliographical references and index.
=648  \0$a17th Century (1601-1700)$1http://www.wikidata.org/entity/Q7016$920923
=650  \0$aFine art$1http://www.wikidata.org/entity/Q219625$921579
=651  \0$aNetherlands$1http://www.wikidata.org/entity/Q55$9173
=700  \\$aThiel, P. J. J. van$4aut$914381
=700  \\$aBruyn Kops, C. J. de$914382
=942  \\$cBOO
=952  \\$00$10$2ddc$40$6VIS_VANT$70$8VIS$911480$aORPH$bORPH$cKTS1_H$d2020-07-08$eKoopman$i18A18$oVIS VANT$p20127027$r2021-01-12 00:00:00$w2021-01-12$yBOO
=999  \\$d11495

