=LDR  01591aam a2200265   4500
=001  11496
=008  231031s1938\\\\||||||||\||||\00|\0bger\d
=041  \\$ager
=100  \\$aThieme-Hedler, G.$d1903-1959$1http://www.wikidata.org/entity/Q20734136$914383$4edt
=245  \\$aDaniel Gottlob Türk,$bder Begründer der hallischen Händeltradition
=260  \\$aWolfenbüttel$aBerlin$bKallmeyer$c1938
=490  \\$aSchriftenreihe des Händelhauses in Halle, Veröffentlichungen aus dem Musikleben Mitteldeutschlands$v4
=505  \\$gDaniel Gottlob Türk, sein Weg vom Kantateschöpfer zum Begründer einer Händeltradition / W. Serauky -- Daniel Gottlob Türks Persönlichkeit / J. G. E. Maaß
=600  \0$aTürk, Daniel Gottlob$d1750-1813$1http://www.wikidata.org/entity/Q216090$95445
=600  \0$aHandel, George Frideric$d1685-1759$1http://www.wikidata.org/entity/Q7302$94765
=648  \0$a18th Century (1701-1800)$1http://www.wikidata.org/entity/Q7015$920899
=648  \0$a19th Century (1801-1900)$1http://www.wikidata.org/entity/Q6955$920935
=650  \0$aPianist$1http://www.wikidata.org/entity/Q486748$92959
=650  \0$aBiography$1http://www.wikidata.org/entity/Q36279$91927
=650  \0$aComposer$1http://www.wikidata.org/entity/Q36834$93625
=650  \0$aLegacy$1http://www.wikidata.org/entity/Q623282$922131
=651  \0$aHalle (Saale, Germany)$1http://www.wikidata.org/entity/Q2814$921799
=942  \\$cBOO
=952  \\$00$10$2ddc$40$6BIO_TÜRK_D$70$8BIO$911481$aORPH$bORPH$cKTS1_P$d2020-07-08$eKoopman$i33C09$l0$oBIO TÜRK d$r2021-01-12 00:00:00$w2021-01-12$yBOO$OKoopman
=999  \\$d11496

