=LDR  01134aam a2200241   4500
=001  11497
=008  230524s1936\\\\||||||||\||||\00|\0\ger\d
=041  \\$ager
=100  \\$aThieme, Carl$914384$4aut
=245  \\$aDer Klangstil des Mozartorchesters:$bEin Beitrag zur Instrumentationsgeschichte des 18. Jahrhunderts
=260  \\$aLeipzig$bNoske$c1936
=300  \\$a88 pages
=600  \0$1http://www.wikidata.org/entity/Q254$aMozart, Wolfgang Amadeus$d1756-1791$95341
=648  \0$1http://www.wikidata.org/entity/Q7015$a18th Century (1701-1800)$920899
=650  \0$1http://www.wikidata.org/entity/Q617028$aInstrumentation$923032
=650  \0$aOrchestra$1http://www.wikidata.org/entity/Q42998$93159
=650  \0$aChoral-orchestral setup$923009
=650  \0$1http://www.wikidata.org/entity/Q846047$aMusic history$921373
=651  \0$1http://www.wikidata.org/entity/Q40$aAustria$9202
=651  \0$1http://www.wikidata.org/entity/Q183$aGermany$9155
=942  \\$cBOO
=952  \\$00$10$2ddc$40$6BIO_MOZA1_E$70$8BIO$911482$aORPH$bORPH$cKTS1_P$d2020-07-08$eKoopman$i44B06$l0$oBIO MOZA1 e$p20126706$r2021-01-12 00:00:00$w2021-01-12$yBOO
=999  \\$d11497

