=LDR  00942    a2200217   4500
=001  11498
=008  211104s1989\\\\gw\a||||\||||\00|\0\ger\d
=020  \\$a3875490436
=041  \\$ager
=100  \\$aThieme, Ulrich$4aut$914385
=245  \\$aDie Blockflöte in Kantate, Oratorium und Oper des 17. Jahrhunderts
=260  \\$c1989$aCelle$bMoeck
=300  \\$a23 pages
=590  \\$aSonderdruck aus TIBIA 'Magazin für Freunde alter und neuer Bläsermusik'
=648  \0$a17th Century (1601-1700)$1http://www.wikidata.org/entity/Q7016$920923
=650  \0$aRecorder$1http://www.wikidata.org/entity/Q187851$91903
=650  \0$aCantata$1http://www.wikidata.org/entity/Q174873$921603
=650  \0$aFlute$1http://www.wikidata.org/entity/Q11405$921276
=942  \\$cBOO
=952  \\$00$10$2ddc$40$6INS_6_000000000000000_1D_THIE$70$8INS$911483$aORPH$bORPH$cKTS0$d2020-07-08$eKoopman$i31E31$oINS6.1d THIE$p20130325$r2021-01-12 00:00:00$w2021-01-12$yBOO
=999  \\$d11498

