=LDR  01366aam a2200277   4500
=001  11501
=005  20251027120327.0
=008  251021s1922\\\\||||||||\||||\00|\0\ger\d
=041  \\$ager
=100  \\$aThierfelder, F.$914387$4aut
=245  \\$aDie visa der schwedischen Liedbücher des 16. und 17. Jahrhunderts und ihr Verhältnis zur gleichzeitigen deutschen Liedpoesie
=260  \\$c1922$aGreifswald$bRatsbuchhandlung L. Bamberg
=300  \\$a105-v pages
=490  \\$aNordische Studien$vIII
=648  \0$a16th Century (1501-1600)$1http://www.wikidata.org/entity/Q7017$920944
=648  \0$a17th Century (1601-1700)$1http://www.wikidata.org/entity/Q7016$920923
=650  \0$aSong$1http://www.wikidata.org/entity/Q7366$94164
=650  \0$aBook$1http://www.wikidata.org/entity/Q571$92285
=650  \0$aInfluence$1http://www.wikidata.org/entity/Q1307337$1http://www.wikidata.org/entity/Q16578639$922289
=650  \0$aPoetry$1http://www.wikidata.org/entity/Q482$93026
=650  \0$aFolklore$1http://www.wikidata.org/entity/Q36192$94595
=651  \0$aSweden$1http://www.wikidata.org/entity/Q34$9275
=651  \0$aGermany$1http://www.wikidata.org/entity/Q183$9155
=942  \\$cBOO
=952  \\$00$10$2ddc$40$6TOP_SE_4_000000000000000$70$8TOP$911486$aORPH$bORPH$cKTS0$d2020-07-08$eKoopman$l0$oTOP SE 4$p20126674$r2021-01-12 00:00:00$w2021-01-12$yBOO$OKoopman
=999  \\$d11501

