=LDR  00913cam a2200229 a 4500
=001  11502
=005  20250904152213.0
=008  041026s2004\\\\ne\a\\\\\b\\\\001\0\dut\\
=020  \\$a9065507957
=040  \\$aOI
=041  0\$adut$beng
=100  \\$aThijs, Boukje$d1971-$914388
=245  13$aDe hoefslag van Pegasus :$been cultuurhistorisch onderzoek naar Den Nederduytschen Helicon (1610) /$cdoor Boukje Thijs.
=260  \\$aHilversum :$bVerloren,$c2004.
=300  \\$a213 p. :$bill. ;$c24 cm.
=546  \\$aSummary in English.
=504  \\$aIncludes bibliographical references (p. [196]-204) and indexes.
=630  00$9964$aNederduytschen Helicon.
=650  \0$aPoetry$1http://www.wikidata.org/entity/Q482$93026
=942  \\$cBOO
=952  \\$00$10$2ddc$40$6BIO_MAND_E$70$8BIO$911487$aORPH$bORPH$cKTS1_P$d2020-07-08$eKoopman$i33D11$oBIO MAND e$p20122738$r2021-01-12 00:00:00$w2021-01-12$yBOO$OKoopman
=999  \\$c11502$d11502

