=LDR  00373    a2200109   4500
=001  11503
=100  \\$aThijsse, W. H.$914389
=245  \\$aJohan Coenradus Boers 1812-1896
=260  \\$c1992
=942  \\$cBOO
=952  \\$00$10$2ddc$40$6BIO_BOER_E$70$8BIO$911488$aORPH$bORPH$cKTS1_P$d2020-07-08$eKoopman$i22A51$oBIO BOER e$p20125586$r2021-01-12 00:00:00$w2021-01-12$yBOO$OKoopman
=999  \\$c11503$d11503

