=LDR  00731aam a2200181   4500
=001  11504
=005  20250929111913.0
=008  250929s1949\\\\||||||||\||||\00|\0\dut\d
=041  \\$adut
=100  \\$aThijsse, W. H.$914390$4aut
=245  \\$aZeven eeuwen Nederlandse muziek
=260  \\$aRijswijk$bKramers$c1949
=648  \0$aPast$1http://www.wikidata.org/entity/Q192630$922196
=650  \0$aMusic history$1http://www.wikidata.org/entity/Q846047$921373
=651  \0$aNetherlands$1http://www.wikidata.org/entity/Q55$1http://www.wikidata.org/entity/Q29999$9173
=942  \\$cBOO
=952  \\$00$10$2ddc$40$6TOP_NL$70$8TOP$911489$aORPH$bORPH$cKTS0$d2020-07-08$eKoopman$l0$oTOP NL$p20127971$r2021-01-12 00:00:00$w2021-01-12$yBOO$OKoopman
=999  \\$d11504

