=LDR  00362    a2200109   4500
=001  11505
=100  \\$aThijsse, W. H.$914390
=245  \\$aAlbertus Groneman
=260  \\$c1948
=942  \\$cBOO
=952  \\$00$10$2ddc$40$6BIO_GRON_D$70$8BIO$911490$aORPH$bORPH$cKTS1_P$d2020-07-08$eKoopman$i43B23$l0$oBIO GRON d$p20127229$r2021-01-12 00:00:00$w2021-01-12$yBOO$OKoopman
=999  \\$c11505$d11505

