=LDR  00432    a2200109   4500
=001  11509
=100  \\$aThoinan, Ernest$d1827-1894$1http://www.wikidata.org/entity/Q18117907$94861
=245  \\$aLe Hotteterre et les Chédeville,
=260  \\$c1894
=942  \\$cBOO
=952  \\$00$10$2ddc$40$6BIO_HOTT_D$70$8BIO$911494$aORPH$bORPH$cLOC_UNK$d2020-07-08$eKoopman$i23A12$l0$oBIO HOTT d$p20128505$r2021-01-12 00:00:00$w2021-01-12$yBOO$OKoopman
=999  \\$c11509$d11509

