=LDR  00790aam a2200181   4500
=001  11510
=008  250407s1960\\\\||||||||\||||\00|\f\fre\d
=041  \\$afre$afro
=245  \\$aLes Fragments du Roman de Tristan.$bPoème du XIIe siècle
=260  \\$aGeneva$aParis$bDroz$bMinard$c1960
=490  \\$aTextes littéraires français
=648  \0$aMiddle Ages (500-1400)$1http://www.wikidata.org/entity/Q12554$920964
=650  \0$aNovel$1http://www.wikidata.org/entity/Q8261$921629
=650  \0$aPoetry$1http://www.wikidata.org/entity/Q482$93026
=650  \0$aMythology$1http://www.wikidata.org/entity/Q9134$921600
=942  \\$cBOO
=952  \\$00$10$2ddc$40$6LIT_THOM_A$70$8LIT$911495$aORPH$bORPH$cKM12_2_H$d2020-07-08$eKoopman$i43D40$oLIT THOM a$p20126490$r2021-01-12 00:00:00$w2021-01-12$yBOO
=999  \\$d11510

