=LDR  01231cam a2200277 i 4500
=001  11512
=005  20250120120152.0
=008  790725s1978\\\\fr\f\\\\\b\\\\001\0cfre\\
=015  \\$aF79-4799
=020  \\$a2708400282 :$c50.00F
=040  \\$aOI
=100  \\$aThomas, Marcel$d1917-2017$914395
=245  14$aLes Premiers Couperin dans la Brie :$brecherches historiques, XIVe-XVIIIe siècles /$cMarcel Thomas ....
=260  \\$aParis :$bA. et J. Picard,$c1978.
=300  \\$axv, 117 p., [6] leaves of plates ;$c24 cm.
=504  \\$aIncludes bibliographical references and index.
=610  \0$aCouperin family$1http://www.wikidata.org/entity/Q50186$922329
=650  \0$aMusician$1http://www.wikidata.org/entity/Q639669$93574
=650  \0$aMusic$92062
=942  \\$cBOO
=952  \\$00$10$2ddc$40$6BIO_COUP_D$70$8BIO$911497$aORPH$bORPH$cKTS1_P$d2020-07-08$eKoopman$i31E02$l0$oBIO COUP d$p20123229$r2021-01-12 00:00:00$w2021-01-12$yBOO$OKoopman
=999  \\$c11512$d11512
=490  \\$aVie musicale en France sous les rois Bourbons ;$v26
=651  \0$aFrance$1http://www.wikidata.org/entity/Q142$9131
=650  \0$aMusic history$1http://www.wikidata.org/entity/Q846047$921373
=650  \0$aBiography$1http://www.wikidata.org/entity/Q36279$91927

