=LDR  01023cam a2200253 i 4500
=001  11513
=005  20250218161034.0
=008  120503s2012\\\\ne\a\\\\\bc\\\000\0\dut\\
=020  \\$a9789061094272
=040  \\$aOI
=041  \\$adut
=100  \\$aThomassen, Kees$99813$4aut
=245  10$aAan vrienden gewijd:$balba amicorum in de Koninklijke Bibliotheek
=260  \\$aAmersfoort$aBruges$bBekking & Blitz$c2012
=300  \\$a128 pages$billustrations (chiefly color)$c17 cm
=490  0\$aMiniaturen reeks$v53
=504  \\$aIncludes bibliographical references (pages 124-126).
=610  \0$aKoninklijke Bibliotheek (The Hague, Netherlands)$91254
=650  \0$aAlbum amicorum$1http://www.wikidata.org/entity/Q14523803$927398
=650  \0$aLibrary$1http://www.wikidata.org/entity/Q7075$94229
=651  \0$aNetherlands$1http://www.wikidata.org/entity/Q55$9173
=942  \\$cBOO
=952  \\$00$10$2ddc$40$70$911498$aORPH$bORPH$cKTS0$d2020-07-08$eKoopman$i44E31$l0$p20126567$r2021-01-12 00:00:00$w2021-01-12$yBOO$OKoopman
=999  \\$d11513

