=LDR  01270nam a2200265 a 4500
=001  11514
=005  20250120120342.0
=008  960605s1995\\\\enkabcf\\b\\\\001\0\eng\d
=020  \\$a0712304207 :$c£9.95
=040  \\$aOI
=041  \\$aeng
=100  \\$aThompson, Robert$d-1952$4aut$914397
=245  14$aThe Glory of the Temple and the Stage:$bHenry Purcell, 1659-1695
=260  \\$aLondon$bBritish Library$c1995
=300  \\$a64 pages, [8] pages of plates$billustrations (some colour), fascimiles, maps, music, portraits$c28 cm
=504  \\$aIncludes bibliographical references (p. 58-60) and indexes.
=600  \0$aPurcell, Henry$d1659-1695$1http://www.wikidata.org/entity/Q9695$95840
=648  \0$a17th Century (1601-1700)$1http://www.wikidata.org/entity/Q7016$920923
=650  \0$aComposer$1http://www.wikidata.org/entity/Q36834$93625
=650  \0$aBiography$1http://www.wikidata.org/entity/Q36279$91927
=651  \0$aUnited Kingdom$1http://www.wikidata.org/entity/Q21$9273
=710  \\$aBritish Library (London, United Kingdom)$1http://www.wikidata.org/entity/Q23308$91593
=942  \\$cBOO
=952  \\$00$10$2ddc$40$6BIO_PURC1_D$70$8BIO$911499$aORPH$bORPH$cKTS1_P$d2020-07-08$eKoopman$i33B12$oBIO PURC1 d$p20122769$r2021-01-12 00:00:00$w2021-01-12$yBOO
=999  \\$d11514

