=LDR  00951aam a2200205   4500
=001  11515
=008  250429s1940\\\\||||||||\||||\00|\0ceng\d
=041  \\$aeng
=100  \\$aThomson, G. Scott$914400$4aut
=245  \\$aThe Russells in Bloomsbury 1669-1771
=260  \\$aLondon$bCape$c1940
=610  \0$aRussell family$1http://www.wikidata.org/entity/Q1158262$940109
=648  \0$a17th Century (1601-1700)$1http://www.wikidata.org/entity/Q7016$920923
=648  \0$a18th Century (1701-1800)$1http://www.wikidata.org/entity/Q7015$920899
=650  \0$aBiography$1http://www.wikidata.org/entity/Q36279$91927
=650  \0$aCultural history$1http://www.wikidata.org/entity/Q858517$922395
=651  \0$aLondon (United Kingdom)$1http://www.wikidata.org/entity/Q84$9123
=942  \\$cBOO
=952  \\$00$10$2ddc$40$6BIO_RUSS2_D$70$8BIO$911500$aORPH$bORPH$cKTS1_P$d2020-07-08$eKoopman$i25C37$oBIO RUSS2 d$p20129267$r2021-01-12 00:00:00$w2021-01-12$yBOO$OKoopman
=999  \\$d11515

