=LDR  00746nam a2200181 a 4500
=001  11516
=005  20250120115947.0
=008  840416t19851984nyua\\\\\\\\\\000\0\eng\\
=020  \\$a0500013438 :$c$7.95
=040  \\$aOI
=100  \\$aThomson, John Mansfield$d1926-1999$1http://www.wikidata.org/entity/Q55997880$914401
=245  10$aMusical delights :$ba cavalcade of cartoon and caricature /$cJohn Mansfield Thomson.
=260  \\$aNew York, N.Y. :$bThames and Hudson,$c1985, c1984.
=300  \\$a78 p. :$bchiefly ill. ;$c19 cm.
=650  \0$aMusic$92062
=942  \\$cBOO
=952  \\$00$10$2ddc$40$6VIS_THOM$70$8VIS$911501$aORPH$bORPH$cKTS1_H$d2020-07-08$eKoopman$i19F28$l0$oVIS THOM$p20125244$r2021-01-12 00:00:00$w2021-01-12$yBOO$OKoopman
=999  \\$c11516$d11516

