=LDR  01896aam a2200337   4500
=001  11519
=005  20251002094122.0
=008  250513s1908\\\\|||ac|||\||||\001\0ddan\d
=041  \\$adan
=100  \\$aThrane, Carl$d1837-1916$1http://www.wikidata.org/entity/Q6209595$914404$4aut
=245  \\$aFra Hofviolonernes Tid.$bSkildringer af det Kongelige Kapels Historie 1648-1848 Vaesentlig efter Utrykte Kilder
=246  \1$aFrom the time of the court violinists. $bDescriptions of the history of the Royal Chapel 1648-1848 mainly from unpublished sources
=260  \\$c1908$aCopenhagen$bDet Schønbergske Forlag
=300  \\$axiv-459 pages
=590  \\$aMed 70 Afbildninger
=610  \0$aKongelige Kapel (Copenhagen, Denmark)$1http://www.wikidata.org/entity/Q2658598$940203
=648  \0$a17th Century (1601-1700)$1http://www.wikidata.org/entity/Q7016$920923
=648  \0$a18th Century (1701-1800)$1http://www.wikidata.org/entity/Q7015$920899
=648  \0$a19th Century (1801-1900)$1http://www.wikidata.org/entity/Q6955$920935
=650  \0$aMusic history$1http://www.wikidata.org/entity/Q846047$921373
=650  \0$aOrchestra$1http://www.wikidata.org/entity/Q42998$93159
=650  \0$aCappella$1http://www.wikidata.org/entity/Q19902156$922910
=650  \0$aCourt$1http://www.wikidata.org/entity/Q1134237$922191
=650  \0$aConductor$1http://www.wikidata.org/entity/Q158852$93134
=650  \0$aMusician$1http://www.wikidata.org/entity/Q639669$93574
=650  \0$aViolinist$1http://www.wikidata.org/entity/Q1259917$93278
=650  \0$aConcert$1http://www.wikidata.org/entity/Q182832$921044
=651  \0$aCopenhagen (Denmark)$1http://www.wikidata.org/entity/Q1748$923068
=942  \\$cBOO
=952  \\$00$10$2ddc$40$6TOP_DK_COP_5_000000000000000$70$8TOP$911504$aORPH$bORPH$cKTS0$d2020-07-08$eKoopman$i47E27$l0$oTOP DK.COP 5$p20123640$r2021-01-12 00:00:00$w2021-01-12$yBOO$OKoopman
=999  \\$d11519

